2410 3916
246 81 319 182 qap.
336 97 365 158 6.·
383 91 428 158 tir
448 97 548 172 Officio
562 105 589 154 et
601 91 665 158 aliis
680 99 840 182 muneridus
859 96 944 177 Coos.
969 95 1027 178 209'

164 193 355 256 confessione
382 191 516 268 aperiret·
531 191 782 271 impedimentum
804 192 976 268 occultum,
996 203 1028 252 et

166 275 336 355 non'possit
347 273 411 331 sine
425 271 566 344 infamia,
578 281 629 330 aut
643 269 783 330 scandalo
799 273 1026 334 Matrimonium

102 353 104 356 ’
163 357 296 418 differri?
309 352 453 413 Nonnulli
474 355 538 412 DD.
556 352 684 411 suadent
697 361 736 424 ,ut
754 353 901 430 poenitens
917 355 1025 414 voveat

161 439 330 497 castitatem
340 477 350 508 ,
360 433 466 509 saltem
478 425 659 510 ad‘tempus,
672 443 706 490 ut
716 433 848 512 possitin
860 432 1024 494 differendo

164 517 359 577 Matrimonio
373 513 438 573 haec
452 532 541 573 causa
553 514 694 592 proponi.
720 513 779 570 Sed
794 515 903 572 merito
921 515 1025 574 dicunt

162 597 252 658 Roac'.
267 605 294 656 et
307 593 474 656 lustrarier
484 612 534 669 pro
549 613 612 650 aaa.
626 591 754 668 Confess.
770 593 917 669 quddhoc
929 613 1025 655 reme·

164 676 247 736 dium
264 677 400 758 periculo
420 695 482 736 non
506 684 604 744 caret,
630 675 700 752 quia
718 673 842 732 faciliter
855 686 955 752 potest
966 695 1023 755 pro

82 797 85 802 Δ
163 757 307 844 pretextu
320 758 474 838 cognosci.
492 755 662 814 Aliiautem
674 750 1024 832 tenentpermittendum

163 849 227 899 esse
252 840 309 900 tale
338 837 583 907 Matrimonium,
608 837 680 912 quin
705 835 817 911 aliquid
845 837 873 894 ei
896 837 1021 896 dicatur.

162 920 224 978 Sed
245 920 332 979 valde
353 919 566 998 probabiliter,
593 925 622 972 et
644 917 891 974 commodissime
914 917 1024 977 docent

154 995 251 1058 'Suarss
264 1000 381 1078 Pigeat,
399 998 521 1058 Cohors.
531 995 603 1056 Son.
615 996 719 1054 Bonae.
735 993 825 1053 Rene.
834 995 940 1066 Salm„
950 1009 1021 1070 etc.,

165 1095 236 1138 cum
249 1082 410 1140 llencdicto
427 1075 508 1138 XIV.
530 1076 571 1158 (a)
584 1077 665 1157 quod
676 1079 706 1134 in
722 1074 773 1132 tali
784 1094 873 1150 casu,
886 1089 915 1136 et
926 1079 957 1136 in
971 1078 1023 1137 tali

162 1177 267 1220 rerum
279 1161 413 1238 angustia
421 1169 519 1239 potest
532 1157 878 1240 dispensarcEpiscopus
888 1177 897 1228 ;
906 1169 937 1217 et
947 1159 1023 1222 hanc

161 1234 336 1300 facultatem
365 1242 467 1300 dicunt
491 1239 599 1299 Sanclr.
627 1237 719 1296 Rcac.
747 1235 878 1314 Castrop.
916 1237 1018 1298 Gonia.

164 1319 256 1396 Vacq.
272 1321 342 1381 Vol.
356 1321 450 1380 Salm.
464 1322 551 1394 Ellal
559 1363 568 1394 ,
582 1332 641 1380 etc.
651 1361 660 1390 ,
670 1319 851 1397 Episcopum
861 1321 1022 1398 possealiis

164 1401 254 1457 etiam
269 1402 424 1480 delegare,
440 1403 531 1460 etiam
546 1399 745 1480 generaliter,
761 1398 833 1456 dum
846 1417 960 1458 annexa
976 1413 1023 1460 est

164 1479 265 1538 officio
280 1481 450 1561 episcopali.
467 1485 534 1540 Imo
556 1484 675 1552 dicunt,
691 1479 858 1556 etquidem
879 1500 938 1540 non
957 1483 1020 1541 sind

163 1557 380 1630 fundamento,
394 1561 482 1622 Rotae.
496 1573 524 1621 et
535 1561 714 1633 lustrarier,
723 1567 788 1631 etc,
797 1563 937 1638 praelatus
950 1580 1021 1620 cum

163 1639 340 1702 auctoritate
347 1639 470 1720 Pigeat.
486 1641 645 1720 quodcum
658 1644 688 1700 in
704 1641 760 1699 hoc
779 1659 849 1699 casu
862 1640 910 1700 lex
921 1644 1021 1722 impe-

163 1721 293 1780 dimenti
306 1723 448 1781 reddatur
457 1726 690 1804 nociva,'posset
701 1719 869 1792 Perochus,
884 1733 936 1780 aut
947 1723 1023 1781 alter

163 1801 1020 1884 confessariusprudensdeclararctalemlegemnonobli-

160 1899 243 1962 gare.
270 1885 435 1944 ‘Advertunt
460 1895 560 1943 tamen
583 1903 639 1964 pro
663 1884 770 1960 tnaj'ori
793 1883 967 1955 securitate,
990 1893 1019 1940 et

160 1965 252 2022 etiam
274 1979 329 2044 pro
347 1967 516 2024 reverentia
536 1984 607 2043 erga
628 1965 769 2024 Ecclesiae
787 1963 886 2042 leges,
906 1963 1019 2032 recurri

161 2043 268 2103 dehere
279 2047 316 2105 ad
330 2065 444 2106 sacram
455 2047 730 2119 Paenitentlariam,
743 2044 820 2104 utab
831 2062 866 2102 ea
882 2041 1019 2103 obtinea-

160 2135 208 2184 tur
222 2125 416 2210 dispensatio.
437 2125 493 2208 (b).
932 2199 935 2206 .

166 2215 172 2228 ·’
204 2206 593 2268 115.-Hineintertura.
610 2226 679 2266 cum
699 2207 797 2280 Cano,
816 2204 905 2264 Satur.
928 2200 1014 2263 Porto.

159 2283 261 2364 haym.
292 2287 362 2346 San.
389 2291 445 2347 Lu.
472 2287 503 2345 V
504 2307 563 2364 oso.
589 2286 726 2348 Cocinelr.
749 2289 838 2348 Reno.
859 2283 957 2352 ,Calin
988 2293 1019 2342 et

160 2367 222 2426 aliis
234 2369 327 2428 etiam
339 2369 556 2440 communiter,
565 2370 645 2446 quod
653 2370 703 2428 ubi
712 2371 835 2428 omnino
846 2367 1019 2444 desperetur

159 2447 271 2508 fructus
279 2451 469 2520 ,omittenda
484 2451 626 2510 estetiam
642 2451 806 2508 admonitio
818 2447 942 2520 alicujus
953 2463 1018 2503 res-

159 2528 307 2587 titutionis
316 2525 476 2600 faciendae,
486 2529 557 2604 quia
567 2531 671 2588 evitari
680 2531 767 2592 debet
780 2528 862 2605 priris
872 2524 1017 2584 damnum

161 2609 312 2683 spirituale
326 2610 470 2686 proximi,
480 2611 572 2686 quaint
581 2605 886 2690 temporalealterius.
895 2607 1018 2665 Eiidem

161 2685 266 2744 dicunt
278 2685 364 2745 Scor.
378 2691 478 2766 lugo,
493 2688 598 2747 Scaeis.
614 2691 715 2766 Laym.
730 2690 818 2748 lianc.
837 2687 868 2746 V
869 2705 927 2763 asp.
947 2684 1018 2745 Cas·
1067 2750 1069 2756 ¹

160 2771 234 2841 trop.
252 2765 350 2848 Solm,
361 2770 386 2825 si·
411 2787 446 2824 ex
462 2770 666 2830 admonitione
681 2766 844 2830 timeantur
859 2765 1014 2838 scandala,

158 2847 292 2909 inlamiae
307 2857 359 2926 cut
379 2847 463 2918 rixae;
484 2851 551 2928 quia
574 2870 692 2930 semper
709 2850 818 2908 melius
836 2858 880 2906 est
901 2845 1017 2904 malum
1122 2863 1129 2868 ·’

158 2927 283 2988 lormule
299 2939 450 3001 avertere,
468 2935 556 3006 quam
575 2930 728 2990 materiale
747 2928 798 3010 (c).
821 2928 1017 2988 Animadver-

158 3015 225 3066 tu'nt
237 3015 341 3070 tamen
354 3009 443 3070 lianc.
458 3019 485 3067 et
503 3011 578 3069 Viva
590 3031 659 3070 cum
673 3011 774 3086 Lcym.
793 3025 854 3068 noo
876 3009 916 3066 ita
931 3007 1016 3067 iacile

155 3087 281 3164 judicari
298 3090 407 3150 debere
421 3093 620 3170 poenitentem
634 3083 759 3171 cognita
770 3087 892 3150 veritate
912 3099 1018 3167 parere

193 3342 231 3416 (ἃ)
241 3347 281 3398 De
294 3348 396 3422 Synod.
411 3353 429 3402 l.
446 3318 642 3420 7c.31.u.n.
655 3349 809 3418 ..mma
824 3352 850 3405 6.
861 3365 890 3402 n.
902 3345 965 3401 613·-
978 3371 1010 3387 -

157 3415 195 3492 (c)
208 3416 276 3471 ibid.
289 3439 313 3474 ν.
323 3419 375 3487 inf.
388 3423 428 3475 11.
438 3439 462 3476 c.
475 3423 529 3474 m.
