2406 3936
258 88 317 164 372
352 53 466 145 »Tenet
485 87 529 144 18.
550 85 597 144 De
608 84 789 144 Sacramenta
800 82 834 144 M
838 53 991 146 siriniensi.

260 183 429 262 tameoqata
440 183 534 256 posteo
541 201 594 258 por
605 203 708 240 ennom
719 185 759 242 ibi
771 184 929 242 canabinas
949 183 1118 242 consensisse

260 264 386 333 ridetur,
399 263 437 318 od
447 267 535 336 ipsum
546 273 587 320 ost
599 261 720 339 cogendo
733 266 831 322 redire.
852 267 931 342 Papa
949 266 1040 342 igitur
1055 284 1121 324 uon

260 343 364 402 babuit
383 360 437 420 pro
456 361 524 400 tera
547 345 693 402 rationem
715 345 828 420 Pontii,
853 346 934 420 quod
951 363 1119 404 consensus

260 423 353 482 libere
367 424 544 500 praestitus-a
556 425 620 482 viro
638 441 675 482 eo
693 443 767 484 easu¹
779 442 831 502 per
847 441 877 481 se
896 413 999 482 ‘nullus
1017 437 1122 495 esset,

260 515 402 580 tanquam
413 503 521 562 cadens
532 521 621 580 super
630 505 786 563 materiam
801 502 981 576 inhabilem
995 505 1046 562 sed
1061 524 1120 582 po-

259 587 318 656 titis
339 593 373 640 ut
397 600 501 642 rerum
521 582 629 642 hahuit
645 585 729 662 'quod
746 583 798 642 ille
812 586 910 642 mariti
933 600 1121 655 consensus,

260 663 414 722 moraliter
430 677 643 742 perseverans,
658 675 688 722 et
709 683 739 722 se
753 665 939 742 conjungens
953 682 1023 724 oum
1040 683 1120 723 eon-

261 761 349 804 seusu
378 744 571 822 postmodum
600 745 731 823 praestito
760 745 925 803 amuliero
953 763 1008 824 per
1030 763 1120 808 suam
1147 766 1150 774 ¹

259 823 528 896 cohabitationem,
545 825 604 900 iam
622 826 753 901 primum
765 849 767 856 ,
777 827 954 902 eonjugium
967 824 1119 883 rer-alida-

178 959 182 971 .
228 913 245 935 '¹
261 915 363 972 verat,
378 915 410 962 et
429 905 498 962 ideo
516 907 659 982 praecepit
671 916 703 962 ut
725 905 836 962 mulier
849 905 885 962 ad
902 906 1002 982 ipsum
1019 904 1119 964 todire
1182 899 1183 944 ἶ

261 995 423 1044 teneretur.
439 983 528 1054 Quod
539 993 641 1042 autem
654 985 691 1042 ad
702 983 934 1044 declarationem
949 985 1119 1042 Clementis
1182 985 1183 1010 ¹

257 1067 291 1123 iu
302 1064 484 1124 eontrarium
495 1063 671 1133 adductam,
682 1065 842 1142 respondet
855 1064 1011 1143 Roaooglia
1023 1064 1072 1122 rel
1080 1065 1119 1122 do

260 1164 296 1203 ea
308 1161 367 1202 aon
379 1131 449 1202 istis
462 1154 618 1217 constare,
632 1145 680 1204 vol
694 1145 917 1206 Pontifioemeo
928 1164 996 1204 casu
1009 1155 1042 1201 ut
1056 1146 1120 1223 pri·
1182 1159 1183 1164 ’

261 1235 368 1286 ratum
377 1224 531 1283 doctorem
544 1225 634 1284 luisse
647 1226 794 1284 locutum.

302 1306 351 1364 81.
362 1305 593 1379 *Quaeriturlp
609 1323 647 1362 au
661 1310 732 1364 oum
749 1306 973 1366 Matrimonium
986 1315 1032 1362 est
1046 1305 1121 1364 nul·
1182 1287 1183 1310 ἶ

261 1387 324 1446 lum
339 1387 377 1448 ob
388 1385 508 1462 aliquod
521 1383 788 1462 impedimentum,
803 1386 1025 1444 utreralidetur
1036 1404 1118 1444 noro

262 1465 1118 1545 eonsensu,sublatoimpedimentoperdispensationem,

262 1558 388 1624 utraque
411 1564 479 1626 pars
494 1548 613 1606 conscia
631 1565 696 1606 esse
721 1547 828 1606 debeat
845 1546 1008 1605 nullitatisi
1029 1545 1120 1604 Affir-

262 1638 347 1688 mant
356 1627 495 1696 Peneios,
509 1627 588 1697 Lesa,
605 1638 634 1686 et
649 1626 777 1702 Castrop.
795 1626 1005 1690 cumGottier.
1020 1625 1120 1685 liert.

263 1708 369 1768 Comit.
394 1721 424 1768 et
447 1707 530 1779 aliis,
556 1710 624 1784 quia
639 1709 722 1786 prior
736 1725 899 1766 consensus
929 1695 1082 1784 praestitus
1105 1711 1122 1767 a

261 1803 345 1874 parte
367 1788 601 1870 quae'ignorabat
624 1788 894 1867 impedimentum,
920 1788 977 1844 luit
996 1785 1120 1844 nullus:

251 1873 409 1954 posterior
429 1873 501 1930 tero
526 1868 661 1944 ejusdem
678 1871 769 1948 partis
780 1869 870 1926 etiam
884 1867 982 1924 nullus
996 1877 1058 1934 est,
1076 1867 1122 1923 si·
1182 1878 1183 1941 J

262 1954 384 2031 quidem
405 1957 476 2010 otim
497 1951 615 2028 ignoret
637 1949 805 2008 nullitatem
829 1947 1009 2006 Matrimonii
1016 1986 1028 2014 ,
1045 1945 1121 2003 lieet

261 2045 590 2114 praestetconsensum‚
604 2039 669 2089 erat
680 2029 746 2088 ideo
762 2030 792 2087 in
810 2027 1020 2093 substantiam,
1039 2025 1121 2084 dum

254 2113 388 2174 intendit
397 2110 565 2172 consentire
587 2109 617 2167 in
635 2109 869 2187 conjugantium
883 2125 983 2167 suum.
1001 2106 1121 2164 Contra

261 2195 365 2266 Sotae,
392 2192 495 2250 Peleo.
512 2189 609 2247 Ladas.
633 2189 751 2266 Radriq.
770 2191 850 2266 Ang.
865 2188 1024 2254 Sotmaatt„
1042 2196 1121 2259 ete„

262 2278 364 2336 dieunt
374 2291 433 2332 non
445 2289 510 2330 esse
525 2272 722 2328 necessariam
735 2271 890 2329 seientiam
902 2267 1123 2326 nullitatisltla·

261 2356 411 2427 trimonii,
430 2353 481 2414 sed
494 2349 617 2410 suficere
631 2349 799 2430 simplicem
810 2366 991 2410 eonsensum
1000 2348 1122 2425 presti-

165 2443 173 2458 '
246 2439 358 2496 tumst
376 2445 459 2516 parte
473 2433 582 2504 inscia,
596 2441 647 2488 aut
659 2433 813 2510 expresse,
835 2441 886 2488 aut
904 2429 1009 2486 saltem
1023 2427 1122 2504 signis

262 2517 406 2584 externis;
417 2513 492 2592 quia
504 2513 572 2572 ticet
584 2513 667 2590 prior
679 2529 843 2570 consensus
856 2510 944 2568 luerit
956 2507 1064 2564 nullus
1078 2508 1120 2566 ob

261 2595 556 2672 impedimentumsb
570 2591 897 2671 Eoolosiaappositum,
913 2600 1048 2648 adaman
1060 2588 1120 2644 fuit

259 2673 376 2733 validus
397 2673 462 2752 lege
483 2685 610 2743 naturam
633 2669 723 2749 quare
742 2668 858 2730 sublato
876 2669 1120 2750 impedimento,

261 2755 368 2816 suflicit
379 2755 461 2834 prior
471 2771 633 2814 consensus
643 2754 694 2829 qui
703 2755 764 2831 jam
778 2751 989 2832 perseveratio
1004 2749 1121 2806 effectu

260 2854 314 2917 per
339 2835 478 2916 eopulam
494 2832 702 2909 conjugalem,
724 2845 775 2892 aut
794 2852 847 2912 per
870 2829 1119 2898 cohabitionem,

260 2928 311 2976 aut
337 2933 391 2996 per
418 2915 472 2972 alia
507 2915 590 2988 signa
615 2923 746 2970 externa.
775 2917 811 2971 Et
835 2929 938 2972 revera
965 2909 1120 2966 lamone

262 2989 669 3075 {postmoduijenediotus
683 2993 776 3071 XIV),
796 2992 836 3072 (a)
854 2993 944 3050 refert
959 2991 1123 3066 quoddam
1181 2995 1183 3018 ¹

258 3081 351 3137 breve
370 3073 535 3132 Clementis
554 3073 599 3130 Xl
621 3089 650 3130 a.
672 3073 765 3150 April.
785 3092 870 3148 17⁰¹·
895 3070 946 3130 ubi
967 3073 1051 3146 Papa
1068 3089 1124 3128 re·

258 3155 400 3216 validarit
415 3153 552 3230 quaedam
569 3154 755 3212 Matrimonia
772 3155 938 3229 aliquarum
957 3151 1131 3208 nationum

257 3253 325 3314 quae
345 3233 576 3294 nominabantur
595 3233 784 3292 Proouateset
804 3233 998 3307 Quartarones
1022 3231 1129 3290 nulli-

291 3405 330 3472 (a)
349 3377 496 3470 Notifitip.
519 3421 589 3457 num,
605 3407 646 3456 to.
713 3377 714 3386 ἵ
1182 3367 1183 3376 i
