2438 3916
208 127 265 186 dnn
309 127 408 188 Tract.
425 129 471 188 rs.
486 129 531 187 De
541 127 721 187 Sammento
736 129 924 188 Matrimonii.

208 226 340 294 cedendo
367 226 688 324 dispensatiooe'dicit
710 247 725 286 :·
743 227 785 284 Ut
808 235 923 310 aterque
944 227 1017 286 inter
1040 243 1071 284 ae

208 311 310 375 sacrm
330 309 614 369 contraiereonieost
632 305 689 385 (a).
708 309 744 365 Et
762 306 820 367 hoo
837 315 1067 387 argumentum,

209 398 243 447 ut
257 388 299 448 ait
312 389 491 449 Benedictus
504 390 592 460 XIV,
609 387 676 448 loco
690 389 770 447 citat.
787 388 873 448 valde
888 390 995 470 probat
1008 388 1069 445 mi*

209 467 339 530 nistrum
364 469 548 528 Matrimonii
575 486 634 526 uon
665 487 730 527 esse
765 467 986 542 Sacerdotem,
1014 467 1068 528 sed

209 550 291 627 ipsos
305 565 445 627 sponsos;
469 550 547 607 aliis
558 551 638 608 recte
658 549 730 608 dicit
741 549 829 626 'quod
844 549 995 616 Ecclesia,
1011 547 1069 605 nisi

210 628 238 686 id
260 627 384 686 haberet
402 639 575 709 precario,
594 647 749 706 nunquam
771 631 960 707 permitteret
976 635 1071 710 spon-

165 715 172 785 s
208 720 258 770 m
274 708 403 788 relinqui
422 711 452 768 in
472 711 608 790 ,periculo
629 711 709 788 quod
728 722 902 769 remaneant
915 713 979 769 sine
998 725 1069 788 gra-

208 788 248 847 tia
272 792 459 848 sacramenti.
483 791 572 850 Adest
597 803 698 850 tamen
722 787 877 848 decretum
898 791 928 850 S.
953 791 988 848 C.
1013 787 1071 848 sub

208 868 256 928 die
272 867 290 928 8
305 869 469 934 Juniionni
488 869 795 948 1619;apud‹Ferror.
812 870 929 928 Bibliot.
949 861 1015 925 iom'.
1035 867 1065 925 5.

207 968 233 1007 o.
246 947 478 1019 Moirimnium,
494 967 522 1006 n.
540 967 592 1025 19,
603 949 688 1024 'quiid
705 949 729 1008 si
745 942 972 1028 Matrinionium
989 957 1072 1006 esset

208 1026 323 1086 nullum
332 1046 368 1084 ex
378 1027 613 1106 causapublica,
627 1027 947 1088 scilicetobdeiactum
955 1029 1069 1096 aetatis,

206 1118 277 1165 tuno
291 1107 578 1178 reconvalidandum
592 1119 638 1166 est
652 1118 721 1168 ante
735 1107 902 1167 Paroohum
918 1119 948 1168 et
962 1118 1064 1167 testes.

247 1185 296 1244 iio.
305 1219 344 1232 -
353 1189 412 1246 Hic
439 1187 644 1252 loranotanda
658 1195 737 1246 sunt.
749 1189 922 1246 Notandum
934 1207 959 1246 r.
970 1187 1069 1264 quoad

207 1267 395 1330 honestatem
430 1269 431 1272 ’
454 1269 517 1324 ium
533 1261 735 1340 Matrimonii,
753 1269 828 1327 duos
849 1285 913 1327 osse
928 1269 1001 1326 fines
1017 1267 1070 1323 in-

207 1348 353 1408 trinsecos
375 1357 405 1405 et
423 1347 612 1418 essentiales,
634 1346 772 1406 'mutuam
794 1339 1071 1429 corporumtradi-

209 1429 340 1504 tionem,
354 1427 552 1487 etrinoulum‘
563 1428 770 1487 indissolubile
782 1430 984 1506 :quicumque
998 1441 1076 1487 con·

209 1508 339 1568 traheret
364 1506 410 1566 his
434 1509 507 1568 fines
531 1507 734 1582 excludendo,
757 1525 868 1590 nempe
890 1519 941 1567 aut
966 1509 1073 1566 animo

210 1605 271 1649 non
286 1589 430 1648 reddendi
441 1589 594 1659 debitum,
609 1601 660 1648 aut
673 1589 868 1650 contrahendi
883 1587 1070 1667 adtempus,

209 1671 437 1732 Matrimonium
446 1680 523 1730 assat
536 1670 655 1734 nullum
665 1667 774 1752 (b)..An
783 1681 890 1730 autem
900 1679 1006 1751 peccet
1018 1687 1074 1728 re—

211 1750 329 1810 nialiter
347 1752 398 1828 qui
416 1751 644 1810 Matrimonium
660 1750 851 1811 contraheret
868 1747 1077 1831 principaliter·

210 1834 241 1889 in
266 1831 517 1910 concupiscentias
544 1833 737 1904 remedium,
763 1833 912 1891 affirmant
935 1831 1068 1900 Boacias,

210 1910 284 1972 Neo.
305 1909 408 1970 Gonia.
418 1952 427 1984 ‚
445 1923 504 1971 etc.
518 1929 587 1972 cum
602 1912 636 1971 S.
654 1912 762 1972 Tlomo
779 1910 828 1992 (e).
848 1913 916 1982 snt,
927 1911 1070 1993 probabi-

210 1991 278 2050 liter
305 2002 415 2070 negent
443 1991 574 2070 Costrop.
599 1992 686 2064 Pone.
713 1989 803 2051 Ronc.
833 1992 930 2070 Cojet.
950 1990 1063 2058 Croic,

211 2069 299 2131 Cone.
315 2071 431 2130 Holcm.
448 2086 478 2133 et
490 2074 540 2132 alii
559 2073 662 2144 multi,
686 2075 735 2152 qui
751 2075 920 2137 innituntur
933 2089 969 2130 co
989 2072 1071 2147 quod

210 2151 284 2214 dixit
298 2147 466 2240 'sanctolus
482 2173 497 2213 τ’.
511 2153 631 2228 Propter
649 2153 862 2229 fornicationem
884 2153 1073 2229 unusquisqne

36 2234 52 2311 j,
105 2291 141 2310 .·
210 2233 547 2298 onoremaaortootrot.
571 2235 736 2311 r.Cor.17.
762 2253 789 2294 a.
816 2237 901 2296 Sicut
923 2234 1074 2313 explicant

126 2336 135 2352 '
207 2313 325 2387 Belius,
348 2309 437 2374 Salas.
462 2325 492 2372 et
510 2303 605 2374 Corn.
628 2333 699 2374 oum
722 2315 757 2374 S.
779 2315 866 2376 donn.
897 2313 1070 2390 Chrysosl„
1184 2321 1186 2326 '

90 2630 94 2638 ’
119 2671 126 2694 .
181 2659 188 2670 ·
207 2635 310 2696 tolus:

209 2395 283 2470 illud
294 2405 404 2470 propter
412 2393 623 2472 fornicationem
636 2395 889 2476 nonint'elligitur
902 2397 939 2456 ad
952 2399 1072 2454 eviton-

209 2475 278 2536 dam
293 2476 522 2538 fornicationem
534 2478 656 2537 alterius
670 2478 826 2557 conjugis,
841 2477 892 2536 sed
904 2479 1069 2556 propriam.

209 2558 318 2616 llt›hoc
325 2557 473 2693 §solatur
485 2575 523 2618 ex
537 2578 573 2618 eo
587 2559 667 2638 quod
679 2560 750 2618 dicit
760 2577 818 2633 cop.
832 2577 860 2634 7.
875 2557 956 2616 idem
974 2562 1070 2636 Apos-

354 2653 438 2695 onom
452 2641 612 2698 eal'iromini
621 2641 765 2710 meliorent
777 2657 833 2696 non
846 2647 1080 2717 tongsmpropm
1093 2691 1101 2710 ,

204 2725 250 2778 to·
261 2715 476 2794 fornicationem
490 2722 786 2798 ontenlonosqoisqoe
797 2733 878 2780 soem
892 2737 1010 2778 acorem·
1022 2721 1073 2776 lto-

203 2799 279 2857 boot.
299 2795 346 2857 >ilo
368 2801 437 2872 ride
462 2803 542 2878 qrrod
561 2802 655 2880 prius*
668 2803 790 2865 suadeat
811 2801 999 2866 coeiibatum,
1018 2798 1071 2855 sed

205 2891 313 2962 poster
327 2883 358 2939 in
377 2883 543 2942 remedium
563 2882 789 2940 incontinentiis
807 2883 941 2942 hortatur
957 2877 993 2933 ad
1008 2877 1070 2932 du-

205 2961 333 3022 cendam
345 2976 491 3031 uxoremc
500 2963 592 3040 igitur
601 2959 736 3039 loquitur
748 2963 791 3021 illl
805 2965 841 3024 ds
853 2957 1073 3038 incontinentia

203 3045 388 3124 propriam
405 3041 513 3101 deinde
530 3041 705 3121 subjungit:
725 3041 812 3117 Quid
828 3045 853 3100 si
866 3057 919 3098 noo
935 3038 1070 3095 seconti-

203 3130 290 3195 neni‚
311 3125 442 3194 naboon
462 3125 560 3182 melios
578 3133 619 3182 est
639 3125 710 3182 enlm
730 3127 832 3184 nubere
847 3129 931 3201 otadm
946 3121 991 3177 ort
1009 3115 1066 3198 (d).

202 3198 243 3261 Et
254 3204 295 3284 ita
307 3204 491 3286 probabilids
500 3207 594 3265 etiam
609 3205 810 3272 dicuntlionc.
825 3204 958 3278 correp.
972 3200 1075 3276 Caice(

200 3311 1065 3344 mma-m*

234 3396 273 3458 (a)
282 3395 365 3449 Num.
385 3411 461 3446 ιιιο.
483 3423 515 3438 ι·-
533 3395 670 3460 (bi'an.
688 3401 748 3452 882.
762 3425 794 3438 -
812 3400 852 3463 (c)
869 3396 966 3466 Suppl·
982 3414 1010 3464 q·
1025 3395 1074 3462 492

197 3461 766 3530 esaon-(ML.s.n.t382.v.1).1.
860 3476 868 3493 ·
