2438 3916
330 97 400 176 Cap.
418 101 508 184 &De
522 101 628 181 Sigillo
644 99 845 177 Cortseseioais.
867 175 874 190 ι
908 121 910 125 ·
961 87 1023 180 247

153 201 310 260 initiatum
324 199 416 258 luisse
435 185 504 258 cim
524 211 603 261 esset
614 187 734 279 spurius
750 241 760 271 ,
776 211 827 258 aot
846 219 876 258 se
895 203 1019 276 jaotilsse

153 301 207 364 pro
222 281 314 340 docto
324 284 396 354 otim
407 290 486 340 esset
502 282 639 358 ignarus;
654 279 901 357 ignorantiatuno
915 293 943 340 et
955 301 1019 340 osse

156 363 295 441 spurium
312 359 424 420 eadunt
438 360 493 418 sub
511 361 629 439 sigillo..
646 362 683 418 Et
701 359 758 422 hoc
775 361 866 417 currit
883 362 973 418 etiarn
989 365 1019 422 ia

155 443 247 502 dubio
262 460 299 514 an
314 442 544 499 circumstantiae
569 439 725 499 declaratae
741 443 799 498 sint
817 445 956 500 neonein
970 461 1020 500 or-

155 525 223 582 dine
236 523 280 582 ad
291 521 514 581 confessionem
526 532 584 592 ,ait
596 522 800 592 communiter
813 521 918 580 dieunt
929 521 1017 580 Sator.

155 601 374 667 masseiano„
386 600 488 660 Tomi.
505 599 607 660 Greia.
625 609 651 658 et
664 599 789 658 Mazaei.
810 598 1024 680 (olCasteruas'

154 687 235 744 reete
257 694 363 745 notant
381 679 498 740 Cassiae.
516 678 665 740 Taenarus
678 689 706 737 et
728 681 846 754 Diona,
863 684 943 759 quod
957 701 1020 749 noa

157 764 240 822 adest
259 763 403 840 obligatio
422 761 512 840 sigilli
531 763 568 822 de
584 762 641 821 illis
660 781 727 839 quae
742 765 758 838 d
776 765 940 840 poenite-ate
953 774 1020 824 ten·

156 851 220 902 tum
236 861 289 924 per
306 843 447 902 accidens
463 853 622 901 narrentur
632 882 642 915 ‚
665 856 695 902 et
710 843 839 908 minime,
850 844 886 903 ad
901 845 1020 910 confes,-

157 926 273 984 sionem
286 924 335 984 rel
348 923 600 1002 superatorum
615 923 847 1002 explicationem
861 925 1021 982 coulerunt

159 1003 214 1082 (b).
229 1003 280 1064 vl.
299 1005 420 1063 Cadunt
434 1004 492 1062 sun
500 1003 601 1080 sigillo
613 1004 811 1062 revelationes
825 1016 855 1062 et
871 1006 995 1066 virtutes
1009 1041 1021 1076 ,

159 1090 228 1143 oum
243 1085 423 1163 deteguntur
439 1085 631 1144 Confessario
646 1085 684 1143 ad
698 1084 953 1144 manifestandum
968 1084 1021 1142 ali·

158 1164 416 1242 quemdeleotum
438 1165 658 1237 commissum,
687 1166 1021 1244 autpropriamingra·
1063 1177 1070 1192 ’
1125 1175 1129 1182 “

156 1245 318 1304 titudinem
334 1263 404 1322 erga
424 1247 544 1316 Deum3
561 1250 648 1304 sectis
667 1247 738 1304 vero
755 1247 779 1303 si
793 1241 1024 1306 manifestantur
1130 1301 1135 1312 ,

157 1331 274 1384 tantum
290 1337 323 1384 ut
338 1327 548 1385 Conlessarius
570 1337 682 1398 statum
695 1327 802 1386 animae
818 1345 879 1384 suae
892 1343 1021 1402 coguos-

158 1417 216 1464 eot.
246 1409 291 1466 Ita
321 1409 393 1465 seito
423 1409 612 1485 distinguunt
639 1405 749 1483 bago,
778 1405 897 1480 Greia,
929 1405 1019 1466 lione.

157 1485 274 1546 Manat
289 1483 323 1546 οῖ’
342 1487 428 1548 Vna.
454 1489 533 1546 lllI.·
549 1487 742 1566 Caduntvsub
766 1487 863 1565 sigillo
889 1487 1021 1566 scrupuli

158 1578 189 1627 et
201 1568 412 1647 sauupulositas
420 1611 429 1643 ‚
445 1571 537 1645 quain
549 1565 698 1648 poenitens
708 1569 738 1624 in
755 1569 941 1646 exponendis
953 1585 1021 1646 pee-

158 1651 232 1708 oatis
245 1651 325 1721 suis,
341 1649 389 1708 vel
405 1651 434 1708 in
457 1649 636 1718 declaranda
649 1649 830 1706 conscientia
847 1665 898 1705 sua
923 1645 1021 1707 ost'on-

162 1729 228 1800 dit,
251 1741 284 1788 ut
303 1732 384 1789 recte
398 1732 503 1789 dieunt
518 1728 622 1788 Coaia.
640 1730 766 1806 Lugent
781 1727 903 1810 Granni.
918 1740 1021 1789 contra

161 1807 342 1882 Marcione,
359 1813 428 1889 quia
443 1813 548 1870 saltem
564 1812 594 1868 io
607 1809 729 1888 obliquo
749 1817 793 1866 est
811 1807 935 1866 materia
947 1825 1022 1866 cou-

162 1891 308 1950 l'essionis.
325 1893 527 1953 Seousautem
540 1903 635 1956 esset.
653 1893 723 1950 dicit
734 1889 839 1968 Lago,
858 1890 880 1946 si
894 1906 1021 1966 serupu-

161 1969 263 2032 lositas
277 1991 338 2033 non
352 1985 509 2055 appareret
530 1993 568 2035 ex
588 1975 759 2056 poenitentis
784 1973 952 2042 relatione,
970 1970 1040 2028 sed*
1108 1983 1113 1988 ·
1137 1983 1146 1988 ·

161 2067 375 2132 appareretex
394 2056 498 2116 modo¹
516 2059 582 2137 ipso
603 2057 786 2124 confitend13
812 2055 863 2113 sed
879 2053 949 2112 holo
967 2069 1022 2110 nee

161 2137 474 2212 acquiesceretoleo,
495 2138 566 2198 dum
588 2134 803 2198 rationabiliter
823 2136 926 2194 dieunt
947 2130 1021 2191 cas-

162 2221 231 2291 trop.
248 2216 375 2275 Hortad.
394 2217 497 2278 Gonia.
519 2220 601 2295 Spar.
623 2221 725 2280 Tomi.
734 2263 746 2290 ,
765 2229 821 2278 eto.
840 2215 921 2294 qarod
936 2213 1022 2272 multi

160 2299 238 2374 aegris
258 2299 358 2356 serunt
378 2319 411 2358 se
424 2299 529 2358 ltaberi
551 2311 581 2359 et
602 2303 701 2359 vocari
721 2299 929 2378 scrupulosos,
943 2313 1022 2373 prae·

160 2377 248 2456 cipue
272 2381 296 2437 si
316 2390 387 2437 sunt
404 2381 523 2449 Praelati
542 2390 573 2435 et
587 2381 794 2448 Confessarii,
820 2390 872 2435 aut
884 2377 1020 2451 judiees,

158 2466 218 2516 eto.
238 2459 330 2535 3-quia
346 2474 411 2517 esse
431 2455 624 2532 scrupulosus
641 2457 745 2512 saltem
764 2465 810 2512 est
824 2455 957 2522 dolestos
972 2474 1022 2512 na·

160 2539 286 2608 turalis,
303 2543 373 2596 oum
392 2539 428 2596 sit
446 2536 565 2612 signum
585 2533 735 2610 perplexae
749 2544 777 2590 et
792 2534 925 2592 eoniusae
937 2551 1023 2590 men-

157 2617 220 2682 tis,
240 2627 273 2673 et·
296 2618 368 2674 tales
392 2617 527 2676 delectus
549 2611 698 2670 naturales
723 2631 777 2690 per
799 2615 1022 2674 confessionem

158 2696 299 2771 cognitos
311 2713 371 2752 nort
383 2696 453 2752 licet
464 2694 636 2774 propalare,
653 2703 685 2750 ut
700 2711 770 2750 mox
780 2693 924 2753 dloemns.
943 2697 1023 2768 Qua·

158 2785 285 2854 propter
303 2792 359 2853 ego
380 2793 438 2834 non
455 2776 663 2845 admitterem,
681 2774 738 2830 nisi
753 2774 913 2849 loquamur
925 2773 962 2832 de
978 2791 1023 2830 sev

158 2855 339 2926 oularibus,
364 2857 415 2932 qtti
435 2861 504 2916 oum
526 2857 666 2916 dicuntur
687 2872 752 2912 esse
779 2853 945 2930 scrupulosi
966 2872 1023 2933 po·

158 2937 217 2995 tius
241 2936 423 3012 laudantur,
447 2937 520 2996 dum
538 2939 580 2998 sio
599 2936 748 2996 habentur
775 2936 922 2998 timoratae
949 2951 1023 2992 eon.

161 3015 363 3097 scientiole).
964 3057 969 3066 .

204 3099 272 3170 154.
297 3101 380 3158 Vlll.
419 3100 539 3160 Cadent
564 3102 655 3162 etiam
687 3098 742 3156 sub
773 3094 870 3175 sigillo
898 3093 943 3173 (ut
965 3094 1024 3166 iam

162 3173 330 3258 innuimus)
357 3181 490 3239 deiectus
512 3181 661 3238 naturales
681 3178 876 3263 poenitentis,
904 3195 932 3234 v.
953 3192 1023 3252 gra,

161 3357 394 3496 Nppl'rpesma
401 3367 477 3418 u..-
490 3367 529 3434 (o)
537 3365 573 3420 Ν.
581 3367 675 3431 oon.
684 3329 735 3418 nl.
752 3365 824 3476 apa
834 3333 870 3474 aa
881 3362 931 3417 JV,
946 3393 976 3405 -
986 3369 1024 3433 (e)
