2410 3916
198 39 202 46 ·
231 7 308 86 Cap.
320 2 788 83 deDeOfficio‘etulit'rmuneribus
801 13 891 92 Coos.
940 11 999 80 305

129 107 163 168 ὃ.
182 101 297 167 rum
313 104 373 186 (c);
390 107 442 165 sed
455 107 496 165 lbi
511 107 643 185 loquitur
654 109 772 168 clares.
790 113 996 186 Doctor3dicit

132 190 212 251 enim
227 190 386 264 veritatem
397 205 458 247 non
473 187 621 250 taedtcnm
637 192 652 245 a
668 190 893 264 concionatore,
909 197 995 273 cujus

131 288 242 330 munus
254 281 299 326 est
311 286 378 326 eam
391 269 574 346 patefacere,
589 269 696 328 veritas
710 279 840 342 tacetur,
862 275 913 330 sed
924 281 995 334 crim

131 343 368 420 illamutllutnr,
385 363 494 426 nempe
508 353 578 407 crim
592 367 660 427 pers
675 350 739 426 eius
755 349 856 426 pateli't
866 391 875 428 ,
886 363 915 410 et
927 371 995 434 pars

133 441 267 501 tacetur,
290 431 365 487 adeo
383 439 415 487 ut
429 437 465 487 e'x
477 431 677 504 taciturnitate
689 430 780 507 partie
796 429 903 508 aliquis
915 450 998 493 error

133 512 164 570 ln
177 511 253 570 alios
266 509 457 580 diffunditur3
474 509 557 569 verb.
576 525 641 587 gn,
658 509 682 566 si
697 507 896 570 concionator
912 512 996 572 dice·

132 600 196 651 ret:
208 592 238 650 iu
254 592 341 649 tertio
353 590 448 668 gradu
460 607 525 648 non·
539 591 630 648 licere
643 588 820 648 contrahere
837 595 996 653 matrimo-

134 672 310 731 niuminter
328 671 529 750 propinquos,
550 671 701 728 auditores
719 669 934 730 inducerentur
954 675 994 732 ad

134 750 336 822 eredendum,
350 752 452 828 ntique
467 750 557 808 licere
572 751 731 826 inuuarto.
745 751 910 831 Opponunt
920 757 948 826 [1.
966 765 997 813 et

135 831 240 892 dicunt
249 833 437 890 Conlessarii
451 849 516 890 esse
528 831 619 889 etium
628 847 739 888 munus
753 831 899 904 doctoris,
909 833 996 892 ideo-

134 927 193 989 que
204 913 293 971 illum
307 913 402 972 teneri
414 913 452 993 ‘nd
466 910 811 972 docendumreritatem.
822 913 996 992 Responde·

136 1003 187 1050 tur
208 993 289 1068 quiid
312 993 523 1052 confessarius
551 1009 612 1050 non
635 995 752 1048 tantdm
776 990 923 1065 doctoris,
944 995 999 1052 sed

137 1073 229 1130 etiam
243 1074 352 1131 medici
370 1073 506 1152 iungitur
522 1071 643 1134 olllcio:
666 1070 744 1128 unde
764 1073 834 1130 cum
857 1073 996 1134 observat

135 1153 348 1224 medicinam,¹
366 1170 473 1230 nempe
501 1152 742 1210 admonitionem
769 1152 799 1208 in
826 1154 996 1232 poenitentis

134 1233 299 1314 pernicicm
313 1233 498 1304 redundare,
512 1230 644 1291 debetab
653 1229 701 1288 illa
710 1231 870 1291 abstinere.
881 1234 997 1293 Euticu

138 1315 176 1372 tit
186 1315 301 1386 doctor,
309 1315 484 1390 quietamen
497 1313 732 1388 munusejusest
746 1309 906 1386 charitatis,
917 1317 996 1374 ulte·

139 1391 298 1469 demptore
317 1390 993 1468 institutumduntaxatinbonumanimarum,
1093 1396 1096 1402 '

138 1471 232 1531 debet
243 1471 292 1529 ille
301 1474 401 1549 utique
414 1475 570 1530 ueritatem
578 1472 703 1542 docere,
715 1471 765 1530 sed
777 1474 854 1532 circa
862 1474 912 1532 illu
920 1474 995 1533 durr-

137 1562 221 1612 taxat
234 1553 463 1631 quaepoenitenti
471 1563 610 1629 prosunt,
620 1570 680 1611 non
691 1556 919 1612 autemciroaen
928 1573 995 1632 quae

137 1634 277 1692 nocitura
295 1642 381 1704 cunt,
398 1633 525 1708 ideoque
545 1636 584 1692 eit
595 1632 632 1692 S.
647 1631 769 1691 Tlromac
786 1631 827 1712 (o)
844 1632 995 1711 loquendo

137 1713 176 1773 de
188 1731 225 1772 eo
237 1712 288 1790 qui
297 1713 423 1771 docendi
431 1709 560 1771 officium
574 1713 677 1772 habet:
692 1711 877 1770 Contrarium
884 1715 995 1774 ceritati
1041 1767 1042 1772 ,

137 1812 195 1853 nou
207 1796 318 1867 docem,
333 1794 381 1851 ced
390 1794 535 1852 ceritatem
552 1791 657 1873 (nota)
672 1793 820 1852 secundum
837 1812 994 1871 congruen-

137 1878 207 1934 tium
220 1876 352 1951 imperio
362 1883 390 1933 ct
398 1893 581 1952 cutenorum
589 1883 723 1951 proponat
736 1875 784 1932 itte
790 1874 855 1944 ,cul
862 1873 995 1934 Incumbit

137 1955 259 2030 officium
268 1957 391 2015 docendi.
463 1971 467 1978 ·

179 2056 244 2096 ιιι.
255 2039 469 2118 —Opponunt
483 2038 512 2097 5.
528 2037 702 2116 hujusmodi
715 2039 915 2115 ignorantiam
928 2053 993 2116 poe·

136 2118 258 2177 nitentis
273 2120 303 2177 in
313 2118 370 2178 hoc
384 2138 454 2179 casu
470 2138 533 2178 nou
547 2137 614 2177 esse
627 2119 849 2194 invincibilem,
865 2119 915 2177 sed
930 2121 993 2178 vin·

135 2197 272 2271 cibilem,
284 2199 355 2258 dum
371 2201 426 2280 ipsi
438 2211 521 2278 patet
531 2200 581 2258 via
594 2201 797 2260 adveritatem
806 2217 993 2276 cognoscen—

137 2277 263 2351 damtct
278 2282 302 2339 si
320 2281 471 2340 vincibilis
491 2289 554 2351 est,
573 2286 621 2338 est
643 2283 734 2340 etiam
749 2280 915 2359 culpabilia.
934 2279 994 2340 Sed

135 2359 334 2438 respondetur
344 2363 424 2436 quod
438 2361 607 2438 ignorantia
615 2402 625 2434 ,
640 2363 722 2420 nteit
735 2360 891 2437 culpabilis
903 2360 993 2419 inali-

136 2457 211 2516 quo,
222 2458 286 2499 *non
300 2441 408 2514 sullicit
418 2441 501 2516 quod
516 2458 696 2519 cognoscere
708 2441 802 2518 poscit
816 2441 991 2512 veritatem,

135 2521 188 2577 sed
198 2537 320 2579 necesse
333 2527 377 2580 eal
390 2531 423 2578 ut
436 2522 463 2577 ei
478 2521 669 2598 superveniat
688 2519 814 2577 dubium
833 2519 992 2598 praecepti,

135 2597 209 2654 alias
226 2599 392 2676 ignorantia
413 2601 478 2677 eine
498 2619 535 2659 ex
550 2605 725 2668 necessitate
740 2599 921 2658 invincibilis
934 2611 990 2660 cst.

135 2676 264 2734 Certum
275 2687 375 2738 autem
386 2692 447 2752 est,
461 2691 493 2738 ut
503 2683 591 2760 docet
603 2680 637 2739 S.
649 2681 773 2740 Theman
783 2676 842 2759 (b),
854 2697 920 2738 eam
929 2697 993 2737 εεεε

133 2757 338 2836 ignorantiam
362 2754 583 2835 invincibilem,
610 2759 919 2838 quoectudt'oouoorori
937 2767 994 2816 uon

131 2843 235 2914 calcet.
251 2838 321 2913 Quo
334 2839 536 2917 igitur-studio
551 2860 692 2922 superare
707 2841 778 2918 quis¹
788 2843 887 2920 potest
903 2841 992 2920 igno·

132 2919 262 3002 rentiam
276 2934 362 2978 suam
373 2922 416 2994 ,ei
431 2921 513 2980 nulla
524 2923 561 2982 de
577 2923 627 2986 illa
644 2917 809 2992 dubitatio,
825 2931 876 2980 aut
888 2921 993 2980 saltem

133 2997 168 3057 de
181 2993 364 3080 obligatione
377 3001 568 3081 quembabet
588 3003 671 3086 illum
696 3001 851 3076 vincendi,
867 3002 991 3060 venitei

839 3153 986 3168 μ

130 3251 989 3398 ιιειιιιιει·ιιιι;ιι·-ι>’·’ϊι
1036 3273 1040 3280 ·
