2438 3916
230 61 290 128 aSS
331 58 429 118 Tract.
448 77 493 134 tp.
507 11 708 144 DoEmtrenta
725 57 811 116 Uret.
828 67 855 116 ct
869 56 987 116 Ordine.
1065 15 1078 24 -

228 151 264 218 u't
277 155 380 216 dicunt
394 156 598 219 communiter
610 153 697 224 Scor.
717 151 848 228 Castrop.
867 151 983 224 Suom,
1007 164 1063 212 etc.
1078 193 1088 222 ‚

229 245 336 298 eontra
347 221 440 296 flet.
459 248 520 298 non
532 237 650 314 quando
666 235 799 294 infirmus
813 243 963 312 recusaret
976 233 1036 305 hoc
1046 251 1093 294 sa·

229 322 384 378 eramento
398 315 523 396 inungi,
539 314 685 394 exaliqua
698 317 894 394 repugnantia
904 326 982 390 ,aut
997 313 1091 392 negli-

229 395 348 474 gentia,
375 397 426 456 sed
446 399 564 475 quando
585 399 706 475 proprie
720 397 893 467 omitteret,
921 397 991 473 quia
1005 396 1088 476 parri

230 473 305 540 illud
318 477 407 536 ducit.
426 479 496 539 Hoc
507 478 701 544 confirmatur
710 475 840 535 exfhutta
855 478 977 536 Martini
991 477 1026 548 V,
1039 474 1090 532 ubi

230 555 362 618 dicitur:
385 555 451 622 Hoc
467 559 669 617 sacramentum
685 577 772 634 neque
791 558 898 636 negligi
914 557 972 615 sint
986 557 1089 630 eulpa,

229 655 278 693 aee
291 640 432 696 contemni
445 658 521 713 posse
537 639 596 698 tint
609 646 718 714 peccato
735 639 859 701 mortali.
877 640 914 696 Et
928 639 995 698 ride
1008 637 1089 714 quod
1185 684 1186 706 ,

229 716 278 775 hic
305 721 385 792 recte
413 721 533 780 notatur
555 718 774 799 contemptum
786 721 949 800 importare
969 718 1091 798 culpam

229 815 370 876 marem,
388 801 599 880 negligentiam
615 803 686 859 raro
701 800 798 874 leram
818 799 872 882 (a).
938 811 945 840 ³
998 805 1002 812 '

273 877 318 936 15.
335 882 525 958 *Denique
553 881 653 956 quoad
683 879 974 942 administrationem
999 877 1092 935 hu'us

230 957 423 1030 sacramenti,
443 959 608 1019 notandum
629 963 726 1038 primo
744 963 842 1040 qnod,
858 962 939 1038 juxta
954 959 1039 1034 Ritoa
1054 974 1090 1027 e,

226 1037 373 1096 Sacerdos
385 1037 472 1104 debet
491 1041 638 1100 instruere
655 1060 793 1100 mensam
813 1041 931 1112 tobalea
942 1027 1015 1096 'alba
1037 1036 1091 1092 de·
1184 1065 1185 1068 ¹

225 1131 411 1194 super-cum
437 1137 534 1192 rase,
569 1122 602 1178 in
631 1141 689 1198 qua
716 1132 833 1201 septem
860 1113 1093 1201 gossipii'globi

226 1197 357 1274 prompti
369 1197 427 1256 sint
441 1201 478 1257 ad
491 1199 702 1278 abstergendas
716 1211 930 1280 partesunctas
944 1219 951 1256 :
966 1196 1092 1257 candela

130 1311 135 1318 „
225 1292 263 1332 ex
281 1291 371 1348 cera,
398 1279 484 1354 cujus
507 1279 611 1340 lumen
623 1283 778 1340 inservire
798 1281 885 1340 debet
901 1281 980 1338 duml
995 1279 1092 1334 inun-

226 1356 317 1432 gitur.
333 1355 377 1414 nx
391 1359 517 1417 ccclesia
534 1363 607 1419 rerlr
624 1351 725 1421 secum
741 1362 854 1420 deferat
869 1359 976 1420 saltem
990 1357 1094 1415 Cler'i-

145 1490 148 1496 .
226 1449 297 1493 cum
317 1455 435 1511 unum,
460 1441 511 1515 qui
535 1442 636 1500 afferat
656 1461 776 1502 crucem
795 1441 866 1520 (sed
881 1442 944 1507 siue
959 1437 1042 1496 hasta
1054 1434 1088 1516 )‚

227 1533 335 1592 aquam
358 1517 561 1588 benedictam,
574 1541 644 1580 cum
664 1524 831 1604 aspersorio
855 1533 884 1580 et
903 1518 1035 1588 Rituali;
1059 1528 1093 1576 et

227 1597 291 1678 ipsc
312 1599 461 1676 Sacerdos
481 1601 545 1660 sine
566 1605 667 1664 sonitu
689 1602 875 1686 campanulae
897 1601 1011 1660 delerat
1034 1596 1091 1656 de-

226 1687 400 1738 contortas
415 1680 473 1739 olei
487 1681 622 1744 clausum
636 1686 668 1744 in
682 1685 771 1744 bursa
786 1685 880 1744 serica
896 1681 1021 1742 violacei
1035 1697 1091 1738 co-

228 1757 299 1816 loris
313 1759 411 1844 collo,
432 1772 464 1819 ut
481 1781 562 1822 nuuc
583 1784 649 1824 mos
669 1777 730 1839 est,
762 1772 975 1845 suspensa3et
995 1762 1017 1822 si
1033 1761 1090 1817 iter

228 1849 306 1898 esset
329 1841 475 1918 longum,
496 1856 595 1922 potest
612 1847 757 1906 Sacerdos
778 1865 867 1925 snper
884 1847 961 1921 equo
982 1841 1088 1898 sedent

228 1936 341 1976 sacram
363 1923 538 1984 unctionem
561 1925 685 2000 deferre.
715 1923 983 1994 AdvertitRituale
1005 1919 1089 1998 qnod

135 2034 139 2048 ‚
229 1997 411 2074 minuemus,
424 2009 542 2080 peraeta
553 2002 807 2083 contessionem
817 2005 970 2087 proximus
981 1998 1085 2072 morti,

227 2083 299 2136 tunc
310 2079 391 2139 idem
403 2083 546 2145 Sacerdos
557 2087 607 2163 q'ni
619 2088 715 2151 defert
726 2091 874 2152 viaticum
887 2097 984 2168 potest
995 2089 1092 2150 etiam

228 2157 343 2219 deferre
361 2163 460 2220 oleum
477 2176 626 2248 sanctum.
652 2169 712 2228 Sed
734 2173 758 2230 si
779 2181 877 2251 potest
893 2169 996 2228 haberi
1012 2171 1091 2230 alius

229 2239 393 2314 Sacerdos,
411 2254 461 2303 aut
475 2246 646 2321 Diaconos,
668 2253 720 2327 qui
735 2251 837 2311 oleum
856 2241 993 2327 sadctum
1006 2251 1091 2310 dele-

226 2329 291 2392 rat,
305 2341 359 2401 per
372 2325 470 2404 ipsum
481 2324 651 2400 deleratur,
668 2333 719 2408 qui
734 2331 950 2415 superpelliceo
964 2333 1091 2392 indutus

226 2399 420 2464 Sacerdotem
440 2405 589 2467 Viatioum
600 2415 773 2492 portantem
794 2424 946 2490 sequatur.
970 2414 1091 2473 Notan-

225 2481 299 2540 dum
311 2501 338 2540 α.
352 2504 417 2546 esse
430 2501 586 2568 peceatum
598 2493 725 2562 mortale
737 2494 903 2570 ministrare
915 2497 1090 2554 Extremam

226 2562 405 2622 Unctionem
419 2569 482 2626 sine
498 2571 716 2652 superpelliceo
730 2587 760 2634 et
772 2573 856 2650 stola.
875 2578 1034 2656 lingentem
1049 2577 1091 2634 ab

225 2641 283 2698 hoc
308 2655 430 2702 excuset
451 2655 635 2728 necessitas,
653 2660 771 2734 xnegant
792 2653 879 2714 soar.
904 2653 1035 2732 Castrop.
1059 2665 1092 2714 et

225 2721 355 2793 ΒΟΜΜ
383 2744 453 2790 uam
484 2730 542 2811 (ut
560 2721 688 2812 dicunt)
713 2735 883 2815 *reverentia
910 2739 1091 2798 sacramenti

225 2805 410 2882 praeferenda
426 2812 472 2870 est
487 2813 604 2872 utilitati
625 2815 757 2892 privatae.
783 2817 844 2878 Sed
863 2816 922 2882 hoc
940 2838 998 2878 non
1014 2817 1093 2875 obs-e

224 2894 321 2978 tante,
348 2888 541 2967 probabiliter
557 2893 831 2966 affirmantPosceo.
849 2897 961 2969 crore,
980 2889 1086 2977 discoli.

226 2963 364 3061 erttan.
373 2967 476 3030 'Diana
487 2979 513 3028 et
529 2969 635 3054 leand.
653 2977 684 3034 in
697 2997 766 3040 casn
778 2997 837 3055 quo
854 2979 990 3040 infirmus
1003 2979 1092 3036 aliter

226 3051 497 3142 sinetsaoram'ento
512 3063 594 3126 *esset
616 3055 814 3132 decessurus,
840 3055 991 3120 dum-non
1008 3078 1092 3137 prae-

179 3171 188 3185 .
207 3140 355 3222 ,summor
383 3130 529 3192 Dominus
544 3133 592 3208 ‘oh
621 3155 773 3200 sacrarum
795 3144 926 3211 restium
942 3142 1092 3203 deficien-

227 3218 298 3268 tram
321 3211 396 3269 relle
416 3209 569 3274 infirmum
587 3219 696 3296 privari
723 3232 806 3285 tanto
831 3223 943 3282 auxilio
960 3219 1013 3299 (b).
1044 3223 1096 3294 lta¹

232 3317 1099 3355 m

261 3389 300 3454 (a)
320 3387 401 3440 Num.
416 3391 476 3456 733.
489 3422 519 3434 —
532 3370 639 3466 (tritis.
654 3377 723 3454 rrum.
737 3405 797 3468 7²6.
