2406 3936
211 91 270 166 378
333 91 434 150 Treot.
443 92 490 154 ιδ.
504 91 549 151 Dc
560 89 745 149 Sacramenta.
754 87 949 148 Matrimonii,

211 189 280 264 quis
293 187 386 248 asim
395 188 767 266 ducereoonsanguineam
776 227 786 258 ‚
796 187 1083 262 eumeniussomre

212 268 352 346 copulem
365 265 522 340 imbuerit,
541 279 613 328 tunc
628 287 688 326 non
708 269 815 337 suffieit
829 268 1008 344 sejunctim,
1024 267 1084 325 sed

213 347 400 423 coniunctim
413 359 532 428 oportet
546 361 648 428 petere
660 348 933 427 dispensationem
951 349 1081 425 itapro-

212 427 341 487 habilius
351 427 443 496 Scina.
458 440 489 488 et
503 430 551 488 alii
562 427 746 498 comSaias,
761 427 896 506 Roda-iq„
914 439 971 486 eto.
985 430 1085 486 Exci-

214 510 302 587 piunt
320 506 454 568 Cossiaei.
478 522 509 568 et
532 509 657 582 Aversa,
681 509 705 568 si
729 509 982 588 impedimentum
999 525 1082 566 con-

214 590 394 669 tractumeb
409 590 549 669 copulam
559 608 629 649 cum
641 607 743 650 socom
755 587 888 648 habitam
903 599 949 648 est
973 587 1082 646 occui-

214 679 298 740 tum,
311 681 340 728 et
354 671 707 750 iliud-patefacere'eseet
726 671 876 744 [ommim
892 671 962 747 quia
984 680 1077 737 tunc,

213 749 332 820 dieunt,
373 761 460 810 otest-
475 752 635 830 seperatim
659 751 796 810 obtinere
817 749 1077 828 dispensationes,

214 843 322 906 nempe
338 768 419 889 {flam
435 832 621 911 cognationis
632 835 649 888 d
661 832 778 891 Detnria
787 871 798 904 ‚
814 831 932 890 stillam
948 828 1078 887 affinita-

216 910 254 966 tis
277 910 315 968 ob
332 913 507 990 copulam-d
532 913 764 970 Paenitentiam.
790 911 850 970 Sed
871 929 925 969 nos
945 910 1078 967 dicimus

215 989 296 1066 quod
317 991 420 1049 saitem
441 993 471 1048 in
493 991 710 1070 suppiicatione
734 991 771 1050 ad
798 991 1076 1058 Poenitentiariam‚

215 1068 306 1126 debet
317 1073 426 1148 exponi
441 1084 600 1148 utrumque
616 1073 870 1151 impedimentum
887 1069 941 1151 (a).
961 1071 992 1128 Si
1007 1070 1078 1144 quis

215 1158 315 1206 eutem
329 1149 451 1210 obtenti
470 1153 693 1230 dispensatione
709 1155 739 1209 in
753 1153 895 1212 affinitate
919 1151 957 1210 ob
977 1167 1077 1227 copu-

215 1227 275 1286 lem
285 1245 354 1288 com
369 1249 486 1311 sponsae
502 1250 605 1292 surore
616 1233 766 1302 habitam,
777 1234 892 1292 iterum
903 1233 987 1290 iiiam
997 1247 1076 1306 cog-

216 1319 369 1382 nosceret,
397 1307 458 1371 n'on
492 1312 606 1392 indiget
633 1319 711 1373 nond
734 1313 975 1390 dispensatione,
1003 1309 1077 1368 iicet

214 1389 396 1466 prima'jam
420 1395 458 1451 sit
481 1396 665 1454 exsecutioni
689 1395 829 1454 mandata
855 1392 914 1474 (b),
938 1403 968 1450 et
996 1391 1076 1450 siout

215 1468 345 1528 diximus
359 1489 388 1528 n.
405 1471 454 1547 67.
779 1477 781 1480 '

255 1549 374 1609 Debent
386 1571 415 1610 a.
432 1555 462 1610 in
478 1553 696 1634 supplicatione
703 1557 812 1635 exponi
828 1573 931 1615 omnes
944 1556 1076 1613 circum-

215 1630 331 1714 stantia
345 1651 412 1709 quae
426 1637 564 1694 occidunt
575 1677 585 1708 ,
598 1649 628 1696 et
647 1655 713 1714 qum
728 1637 851 1696 neddere
866 1646 991 1716 possunt
1009 1633 1075 1692 dis·

214 1713 424 1798 pensationem
441 1715 656 1788 difficiliorem,
672 1727 703 1775 et
714 1719 865 1796 pnoecipue
884 1719 907 1774 si
927 1719 1075 1774 interces-

215 1791 286 1848 serit
304 1793 411 1872 oopuia
433 1797 512 1856 inter
531 1810 674 1875 cognatos
700 1799 751 1875 qui
774 1798 967 1856 diatrimonio
986 1795 1074 1872 jungi

103 1911 105 1918 ,
214 1871 354 1947 eupiunt?
374 1876 411 1935 Et
438 1875 496 1937 hoo
519 1897 580 1938 non
608 1878 952 1938 tentdmsiiiiahabite
974 1885 1074 1934 estut

214 1947 330 2042 facilius
344 1954 526 2032 dispensatio
541 1959 727 2030 obtineatur,
743 1959 786 2015 uti
804 1969 920 2018 certum
934 1969 999 2028 est,
1018 1955 1073 2014 sed

213 2038 305 2088 ettam
324 2035 350 2092 si
373 2033 421 2096 hio
439 2039 505 2099 finis
521 2057 579 2100 non
595 2042 683 2100 fuerit
696 2038 894 2118 praehabitus,
912 2041 954 2099 uti
967 2038 1074 2096 dicunt

212 2105 317 2170 Saucia.
351 2115 451 2190 Loym.
484 2121 621 2179 Carataci.
660 2121 814 2196 eutrop„
849 2132 904 2180 eto.
948 2116 1073 2198 (confla

212 2190 364 2266 Fonteium,
383 2196 541 2268 Satanas,
560 2197 639 2280 eto.)
655 2203 739 2260 Etde
757 2203 815 2262 hoo
833 2201 922 2261 hodie
943 2199 1072 2256 dubium

214 2289 304 2334 omne
325 2289 435 2349 cessat,
459 2281 532 2338 dum
547 2281 730 2340 declaratum
743 2293 787 2341 est
798 2287 814 2340 d
826 2281 935 2340 Bened.
953 2280 1023 2337 xlv
1040 2281 1074 2337 in

145 2376 150 2385 ·
212 2349 293 2416 huila
310 2359 413 2414 Pastor
426 2359 529 2433 ooaaa,
546 2359 569 2440 S
585 2363 634 2436 4¹·
654 2363 703 2421 ubi
723 2365 840 2422 irritum
861 2361 1072 2440 pronuntietur

213 2432 1074 2524 Matrimoniuminterconsanguineoscelebratumexdis·

211 2518 388 2588 pensatione
406 2522 546 2596 obtenta,
567 2525 657 2584 tacito
672 2528 785 2584 incesto
802 2522 853 2603 ().
872 2526 949 2581 Item
965 2521 1073 2596 siquis

213 2593 334 2654 obtento
347 2597 570 2677 dispensatione
588 2623 678 2684 super
693 2605 783 2683 gradu
801 2603 971 2683 prohibito,
987 2612 1072 2659 anie·

212 2691 301 2748 qaam
326 2685 512 2744 exsecutioni
534 2687 621 2743 detur
643 2703 707 2744 tem
733 2685 822 2743 habet
842 2701 911 2744 cum
938 2699 1048 2760 sponsa
1061 2720 1072 2752 ,
1169 2691 1170 2696 ’

211 2751 323 2847 indiget
334 2763 659 2844 ooaddispensotione‚
677 2776 708 2823 ut
719 2770 801 2825 recte
812 2761 1070 2832 dicuntSancitee,

211 2831 335 2895 Guttaer.
353 2837 492 2920 Gallego,
510 2855 581 2917 eto,
602 2856 705 2904 contra
718 2845 850 2924 aliquos;
867 2857 897 2903 et
914 2847 953 2902 ita
968 2841 1074 2902 decia-

211 2916 287 2975 rovit
300 2920 329 2980 S.
345 2922 380 2979 C.
397 2941 508 2981 mensae
522 2925 591 2995 Maii
601 2963 611 2998 ,
631 2924 724 2992 16353
740 2943 809 2984 num
818 2945 854 2984 ex
869 2925 946 3003 stylo
960 2924 1075 2995 coriae,

210 3001 399 3076 manifestato
415 3021 493 3061 novo
513 3004 646 3078 incestu,
663 3008 801 3064 Pontifex
816 3006 892 3064 solet
911 3007 1075 3081 imponent

210 3079 356 3156 majorem
367 3085 589 3162 poenitentium,
600 3097 632 3144 et
645 3087 825 3166 ampliorem
838 3087 1076 3167 pecuniaeoom-

244 3401 281 3460 (a)
295 3383 505 3454 naa.o.n.{1sa.
550 3404 872 3472 acimum-(um
891 3404 1058 3468 nsanos.
1168 3371 1169 3398 ¹
