2410 3916
234 45 355 132 napo.
375 45 583 130 neutuna
599 37 932 132 attilananaeaafl
955 71 1008 115 ωσι
1032 130 1037 141 ⁴
1083 95 1086 104 ,
1195 133 1196 136 p

154 156 320 214 necessaria
332 153 369 211 de
381 155 549 232 praecepto,
565 151 929 238 sufficitqulrdpoenlltns
942 175 1014 246 [³0ss

152 218 250 300 mittat
273 235 354 312 quod
366 253 396 292 se
406 235 648 292 instruerelaoiut
660 234 696 291 ab
706 233 790 306 allis,
799 236 904 294 saltent
915 240 1014 314 quoad

151 315 367 384 substantiam
385 323 415 372 et
429 314 612 382 Confessarii
627 316 677 391 ‘qui
690 316 780 372 nimiu
799 315 942 408 charitate
958 321 1015 378 ier—

92 379 95 384 ’
153 406 224 454 vent
236 414 297 455 non
314 405 452 454 recusant
465 395 519 452 eos
530 393 637 455 docere
648 413 702 473 per
716 373 952 537 seipsosfflebet
963 419 1018 478 pa·

152 475 224 534 riter
239 476 449 535 Confessarius
463 476 610 556 instruere
624 473 830 555 poenitentem'
884 498 916 538 ea
940 483 1016 561 olili-

153 543 529 634 gationemoompensandi
544 557 672 630 lamam,
689 539 1015 638 honoremmutnonl,

149 635 344 696 'occasionem
358 636 489 707 vitandi,
511 634 683 703 seandalum
703 639 820 698 illatura
839 645 1014 720 reparandi,

154 718 372 777 correctionem
390 717 533 787 leniendi,
550 727 601 778 aut
612 717 834 796 eleemosynam
850 723 1014 802 largiendi,

155 786 273 874 quando
289 797 369 858 adid
382 807 512 855 tenetur.
526 799 605 856 ltem
620 798 920 862 animadvertendum
934 807 1014 883 quod

83 873 85 876 ’
153 878 178 936 ti
192 879 342 956 poenitens
354 878 470 937 aceedit
481 878 691 956 indispositum,
711 892 830 942 tenetur
852 885 1016 962 Confessus

155 960 216 1015 rius
232 956 283 1036 (ut
297 959 408 1018 docent
422 959 526 1034 Laym.
544 959 631 1018 Suur.
658 961 789 1020 Busemb.
808 963 893 1040 Sper.
908 1009 917 1039 ,
930 965 1012 1048 etc«)

156 1031 210 1116 pro
224 1038 337 1097 viribus
352 1041 470 1100 efficere
493 1051 525 1098 ut
546 1031 629 1098 eniri*
637 1043 775 1121 disponat
793 1046 830 1102 ad
849 1047 1016 1107 absolutio-

157 1113 297 1196 nem*(a).
316 1122 401 1178 Circa
414 1122 495 1198 quod
507 1124 609 1181 nescio
625 1127 778 1200 quomodo
795 1131 928 1188 excusari
942 1150 1013 1210 pos-

155 1198 330 1266 sturnorum
338 1201 402 1258 Deo
416 1201 457 1259 illi
470 1204 654 1285 Confessarii
666 1206 800 1279 desides,
813 1211 863 1285 ¹qui
880 1211 933 1269 ubi
943 1233 1015 1290 cog-

154 1281 287 1339 noscunt
299 1282 495 1358 poenitentem
506 1303 567 1343 non
580 1301 645 1343 esse
658 1289 727 1346 satis
742 1289 934 1367 dispositum,
947 1314 1016 1353 eum

156 1361 215 1414 ase
230 1359 397 1435 dimittunt,
418 1364 545 1434 dicendo
559 1367 586 1423 ei
600 1368 747 1426 inurbano
767 1372 876 1430 modo:
900 1375 1017 1434 Discede

155 1437 221 1494 ltine
227 1453 241 1510 ,·
250 1447 276 1494 te
289 1441 424 1499 absoluere
437 1465 493 1503 non
508 1466 636 1522 possum,
659 1451 720 1508 redi
733 1451 763 1528 t'a
780 1461 927 1526 posteram.
954 1461 1015 1536 Ego

156 1517 226 1576 dieo
242 1535 314 1576 enm
330 1521 516 1599 Attollens,
537 1529 763 1592 Confessarium
778 1537 896 1610 quoties
916 1541 1014 1617 poeni-

154 1597 248 1656 tentis
262 1599 483 1661 confessionem
496 1611 634 1688 suscipit,
649 1612 708 1670 sub'
719 1615 853 1692 rigoroso
865 1617 1015 1678 eharitatis

156 1677 361 1756 obligatione,
374 1691 519 1758 quantum
532 1690 625 1750 faeere
639 1704 753 1773 potest,
767 1699 862 1754 teneri
876 1711 906 1756 nt
918 1703 954 1758 ad
967 1703 1017 1758 ab·

156 1757 341 1819 solutionem
356 1781 425 1820 eum
442 1766 591 1847 disponat,
602 1775 628 1832 ei
643 1779 840 1854 proponendo
855 1778 934 1838 illius
947 1800 1015 1860 pee-

153 1849 291 1898 catorum
318 1846 555 1924 turpitudinem,
578 1859 681 1932 gratiae
702 1858 812 1917 divinae
831 1860 1014 1936 efficaciam,

154 1919 354 1981 damnationis
368 1930 555 2005 perieulum,
567 1946 597 1992 et
610 1934 654 1995 his
669 1940 940 2002 similesveritates.
955 1943 1015 2003 Nea

154 2003 210 2058 sud
220 2002 330 2062 relerre
347 2005 435 2068 debet
449 2014 531 2088 quod
543 2015 573 2071 in
586 2015 643 2076 lion
653 2030 772 2101 tempus
787 2024 1014 2100 insumatur,et

153 2083 232 2158 quod
246 2084 355 2164 reliqui
368 2093 547 2166 poenitentes
558 2096 702 2174 abibunt,
713 2123 750 2160 ne
765 2111 1015 2188 tantumexspoe-

152 2173 225 2221 tent.
243 2164 305 2222 Ille·
314 2175 385 2228 tuno
398 2191 460 2231 non
472 2185 593 2234 tenetur
600 2179 728 2242 aliorum
737 2185 815 2244 bona
827 2189 1011 2267 prospicere.

153 2244 204 2301 sed
219 2251 336 2304 tantum
357 2257 531 2328 poenitentis
547 2259 614 2318 sui:
638 2282 693 2341 pro
715 2265 772 2325 hon
797 2269 941 2330 duntaxat
963 2271 1015 2338 illu

152 2334 289 2406 tempore
303 2331 368 2389 Deo
382 2337 530 2394 rationem
541 2341 711 2404 redditurus
724 2359 785 2419 est,
797 2369 856 2406 nou
871 2371 924 2430 pro
938 2349 1012 2414 aliis.

153 2404 252 2464 Satius
265 2416 313 2465 est·
327 2408 463 2488 (dicebat
477 2416 510 2477 S.
528 2417 696 2484 Froncc'seus
714 2427 884 2508 Xaoerlu's),
906 2453 1015 2510 paucas

152 2488 357 2564 confessiones
372 2495 475 2552 audire
485 2535 495 2568 ,
506 2497 604 2561 et'ritt
618 2507 725 2582 iactas,
742 2514 832 2588 quoru
846 2513 973 2590 multas,
986 2527 1016 2576 ot
1090 2529 1092 2533 ‘

153 2569 267 2624 temere
279 2586 469 2657 properatus,
483 2570 516 2636 e?
527 2583 590 2642 sine
608 2587 717 2647 fructu.
737 2591 818 2668 Quot
832 2593 956 2654 istorum
978 2601 1017 2671 ud
1066 2623 1072 2631 ·

153 2661 204 2700 me
232 2663 384 2711 venerunt
409 2657 595 2740 indiSpositi',
624 2679 657 2727 et
679 2691 751 2750 ego,
776 2673 877 2732 divino
903 2677 1013 2736 auxilia

154 2724 342 2803 opitulante,
355 2731 516 2814 disponere
534 2750 636 2806 curavi
652 2769 659 2808 :
676 2761 711 2810 et'
723 2754 882 2832 dispositos
895 2760 960 2814 tuto
985 2771 1014 2816 ot

152 2809 221 2864 men
234 2810 368 2867 marimd
379 2819 585 2885 consolatione
599 2829 754 2892 absolutus
768 2834 885 2894 dimisi!
900 2839 1012 2898 Saltem

143 2885 210 2944 ·hoo
235 2886 379 2951 inserviet
406 2909 439 2956 ut
463 2897 539 2964 bene
563 2901 739 2985 instituatur
763 2909 804 2992 ad
827 2919 1013 2979 reddendum

151 2967 331 3066 dispositum
349 2981 558 3086 poenitenfent*
573 2991 628 3069 pro
648 3003 800 3074 tempore,
825 3020 884 3076 quo
900 3004 1013 3062 reditu·
1093 3037 1100 3052 ι

151 3063 278 3111 ruserrt.
654 3122 656 3126 .
794 3090 795 3093 ’

196 3129 262 3188 106.
270 3137 368 3197 ·-1v‚
384 3143 593 3210 confessarius
603 3145 899 3220 tenetur'adnronere
915 3164 1012 3238 poeni·

66 3277 69 3282 .
150 3212 277 3270 tentem.
302 3217 363 3277 Sed
383 3234 419 3281 ut·
437 3229 659 3294 admonitiones
677 3242 893 3300 convenientes
908 3243 1012 3318 iaciat,

165 3383 227 3453 '(e)
242 3379 296 3432 Ul·
312 3390 337 3440 θ.
357 3407 381 3442 u.
394 3393 454 3448 688.
475 3398 526 3475 Hic
537 3400 651 3458 advmo.
785 3401 791 3406 ’
893 3395 899 3408 ’
