2438 3916
222 95 277 158 ψ
333 79 430 138 Timet.
453 59 501 136 16ss
516 59 560 139 De
573 45 750 137 Puniielttioe
763 71 962 134 decremento(

453 237 457 252 “
521 253 781 316 runeruurv.
864 281 871 346 1
957 230 968 332 s

291 395 297 467 j
391 455 392 458 Ἴ
435 387 488 447 -De
508 383 747 474 sollicitationibus
766 380 884 452 dubiis,

267 523 334 580 180.
348 553 387 564 -
405 519 560 594 Quartana
578 519 676 598 prirnb
695 535 731 574 an
753 517 824 575 otim
843 515 1017 593 sollicitatis
1032 527 1084 597 est

223 601 330 680 dubio,
353 599 687 672 denuntiatioiaeienda
701 600 763 654 siti
786 599 976 676 Distinguere
992 617 1083 677 opor-

222 691 285 740 tet:
303 682 327 738 si
341 676 451 739 iactum
469 691 519 738 aut
533 676 646 737 dictu'm
656 675 726 748 ,fuit
738 689 817 739 certa
836 679 1030 748 sollicitatio,
1053 689 1084 758 et

222 745 340 820 tantullt
357 761 509 818 dubitatur
526 759 563 818 de
586 757 782 830 sollicitante,
803 756 875 816 iuno
895 757 1085 817 denuntiatio

223 843 303 899 certi
317 841 449 900 iacienda
464 849 522 910 est,
539 849 570 896 ut
585 839 721 914 superior
732 837 836 896 saltem
849 839 884 896 de
897 848 1026 917 persona
1038 839 1085 895 in-

222 923 338 998 quirere
356 921 456 999 possit.
474 919 627 996 Superiori
643 925 741 975 tamen
760 917 968 976 abstinendum
982 929 1030 976 ast
1045 917 1086 974 ab

219 999 396 1076 inquirendo
413 999 436 1056 si
450 998 482 1055 ei
497 997 583 1056 facile
595 1017 655 1056 non
672 1007 761 1056 estse
776 1009 892 1056 certum
907 997 1031 1056 reddere
1046 997 1084 1071 de

216 1095 361 1158 persona,
378 1073 416 1134 ad
427 1079 603 1136 evitandum
622 1078 792 1156 perieulum
814 1079 937 1135 infamiis
958 1075 1084 1136 notandi

216 1156 345 1232 aliquem
364 1158 572 1216 innocentem.
591 1159 681 1232 Quod
696 1159 720 1215 si
734 1175 859 1236 persona
877 1169 921 1216 est
936 1169 1032 1227 certa,
1052 1167 1083 1216 et

216 1241 333 1296 tantum
348 1236 501 1310 dubitatur
515 1242 618 1294 utrum
638 1237 752 1310 dictum
767 1233 819 1296 aut
834 1239 943 1296 facturn
959 1231 996 1294 sit
1009 1255 1084 1313 aera

218 1315 406 1388 sollicitatio,
427 1327 500 1376 tuno
521 1319 712 1376 communitis
730 1329 760 1376 et
775 1318 958 1396 probabilius
978 1317 1085 1374 dieunt

217 1395 306 1456 lione.
323 1395 410 1456 Cotto.
428 1395 577 1466 Potestas,
597 1399 705 1456 Bonae.
720 1397 813 1455 Sclm.
829 1410 885 1459 ete.
901 1438 910 1468 ‚
927 1415 998 1456 cum
1013 1395 1089 1454 Inr÷

218 1485 341 1536 tractore
362 1497 412 1553 pro
434 1475 584 1553 Conscia,
607 1498 666 1536 non
680 1479 783 1536 adesse
799 1478 1015 1556 obligationem
1030 1475 1085 1534 de-

218 1554 397 1629 nuntiandi3
421 1555 463 1635 ita
477 1577 513 1616 ex
527 1557 601 1636 leeg.
621 1561 669 1636 49.
693 1555 763 1615 dur.
781 1559 811 1614 in
828 1557 859 1616 6.
881 1557 921 1614 Io
934 1557 1019 1633 ponis
1038 1557 1082 1615 be-

220 1631 339 1717 nignior.
349 1639 540 1714 interpretatio
554 1639 698 1715 sociorum
715 1649 781 1696 turn
797 1640 865 1714 quia
880 1640 910 1696 in
923 1639 1016 1698 dubio
1028 1656 1083 1696 ne-

217 1737 269 1778 mo
279 1718 419 1778 tamesae
433 1717 596 1800 pri'r'andus
610 1731 654 1782 est
663 1738 671 1790 ;
685 1730 750 1777 tum
764 1721 832 1796 quia
846 1721 976 1796 deniqui
991 1718 1081 1776 deliu-

218 1811 248 1858 ta
263 1800 355 1858 dubia'
364 1807 430 1859 'non
446 1800 653 1872 suntdicenda
670 1799 778 1858 delicta
792 1797 849 1878 (a).
868 1801 1019 1880 Excipitur
1034 1809 1081 1856 ta-

219 1897 291 1940 men
306 1879 403 1960 primb
415 1918 424 1950 ‚
434 1881 504 1936 'nisi
517 1879 707 1938 uehementia
723 1879 832 1938 indicia
847 1892 945 1939 essent
960 1878 973 1958 i
982 1889 1010 1939 r.
1024 1898 1053 1958 g.
1067 1919 1079 1950 ,

220 1959 257 2038 de
271 1977 362 2036 prava
377 1959 455 2021 vita,
474 1968 525 2016 aut
540 1957 617 2032 mala
632 1959 709 2016 fama
722 1959 924 2040 Confessarii)
935 1977 1000 2037 quse
1012 1976 1079 2016 mo·

217 2037 315 2098 rolem
324 2037 531 2096 certitudinem
543 2039 721 2112 formarent,
733 2041 876 2102 utdiount
888 2041 974 2100 lione.
990 2036 1077 2097 Coae.

217 2114 301 2198 Bosa.
317 2115 337 2175 I
338 2124 498 2196 astructor,
511 2125 562 2176 etc.
581 2121 778 2197 Excipituro.
794 2140 865 2182 cum
876 2121 950 2180 Bon.
967 2120 1081 2194 Aoum,

219 2207 294 2268 eto,
302 2199 325 2254 si
334 2196 423 2256 rerba
432 2197 469 2255 de
478 2216 509 2254 se
518 2198 830 2282 sollicitationemprae
842 2204 1003 2275 seferrent,
1011 2201 1082 2260 licet

219 2275 406 2336 dubitaretur
420 2275 456 2336 de
472 2275 658 2356 intentione,
682 2281 755 2340 dum
765 2277 964 2364 -praesutn'ptio
979 2285 1081 2342 inten-

219 2357 311 2418 tionis
321 2357 493 2437 accipienda
508 2371 553 2419 est
571 2361 653 2438 juxta
672 2363 835 2422 verborum
850 2365 1077 2445 proprietatem.

217 2437 438 2516 Sectis-autem
466 2441 488 2498 si
508 2441 538 2499 in
559 2445 732 2524 oppositum
749 2445 864 2504 adesset
884 2443 1082 2524 praesumptio

215 2519 345 2591 irarrdis3
362 2515 436 2604 pu't'd
449 2522 473 2579 si
487 2522 598 2582 mulier
614 2536 664 2582 aut
678 2525 910 2604 ejus‘conjuncti
921 2525 1080 2586 cumCou-
1163 2517 1182 2542 ’

216 2599 338 2658 iessario
364 2601 495 2676 aliquam
520 2602 692 2667 habuissent
714 2607 962 2680 contentionem,
986 2614 1036 2663 aut
1053 2604 1079 2662 si

164 2735 168 2746 ,
216 2677 359 2738 illuesset
376 2680 562 2758 aliquantum
574 2695 675 2760 mente
687 2683 778 2744 hebes
795 2683 850 2766 (b).
871 2689 907 2745 ln
922 2705 992 2746 casu
1007 2685 1080 2744 verb

216 2777 275 2836 quo
294 2760 402 2820 indicia
416 2761 542 2836 alicuius
556 2775 654 2822 essent
668 2769 836 2838 momenti,
857 2767 1002 2825 liebtnon
1013 2765 1081 2822 sul-

216 2839 346 2898 ficlentia
367 2841 646 2925 edqoenificandtum
665 2843 898 2904 denuntiationis
917 2845 1076 2912 debitum,

215 2921 392 2979 conveniret
408 2931 440 2977 ut
453 2923 561 2996 saltem
574 2925 684 2981 certior
697 2925 781 2984 fieret
799 2924 951 3002 superior,
967 2919 1080 2978 adhoc

215 3011 249 3059 ut
268 2995 297 3056 in
315 3011 468 3080 posterum
483 3019 514 3076 se
529 3001 655 3079 dirigere
670 3007 772 3080 possit.

184 3117 187 3124 -
260 3081 327 3138 181.
342 3110 383 3123 -·
398 3080 550 3152 Quaeritur
564 3099 591 3138 o.
609 3093 646 3139 an
665 3081 883 3142 denuntiandus
898 3081 936 3140 sit
949 3079 1081 3139 Confes-

216 3160 309 3218 sarius
324 3161 392 3236 qui,
415 3157 488 3216 dum
501 3162 649 3238 poenitens
667 3166 845 3237 confitetur,
861 3163 926 3240 ejus
941 3159 1082 3242 pulchri-

172 3275 174 3278 .
214 3239 350 3298 tudinem
371 3236 496 3296 laudati
524 3240 573 3298 alii
597 3243 769 3318 affirmant,
795 3245 846 3304 alii
868 3252 980 3322 negant
993 3261 1001 3312 ;
1026 3257 1082 3315 sed

248 3399 287 3464 (a)
303 3398 383 3452 Num.
396 3413 457 3465 70².
479 3427 512 3440 —
525 3401 647 3470 (b)1iid.
691 3399 695 3408 ’
