2410 3916
216 26 289 102 Cap.
306 24 336 82 6.
352 23 400 83 Dc
417 2 519 96 Officio
537 27 563 80 st
578 21 642 78 aliis
652 1 812 78 mutieribus
828 17 915 98 Cosas.
936 31 996 100 top
1029 89 1030 94 η

135 127 238 186 sistere
252 131 384 201 nequeat
395 122 542 182 sententia
552 119 700 199 opposita.
714 118 799 178 Sicut
810 121 899 178 etiam
911 120 997 200 (mihi

135 207 218 266 labet
233 202 454 283 aliquantulum
468 201 505 259 ad
521 201 577 260 alia
593 197 768 278 advertere)
785 187 854 257 sdnt
864 201 998 263 libantes

135 281 274 366 quaedam
300 283 366 342 aliae
395 283 554 362 opiniones
579 298 653 358 quas
679 278 768 338 hodie
781 281 873 338 tutari
893 281 1000 340 volunt

136 361 996 442 nonnulli,quijactarevidentnr'rigidiorissssenominis.

47 467 52 480 ’
136 447 329 524 Caeteroquin
341 443 555 503 commendare
570 442 806 518 mihinanusm
814 433 871 500 init
881 442 1001 500 animus

136 545 190 588 eos
204 537 344 586 suctores
358 527 425 604 qui,
451 534 484 582 ut
499 524 669 581 animarum
685 521 765 580 bono
784 522 999 597 consulerent,

138 609 392 668 conscientiarum
420 603 553 664 habenas
577 603 668 662 nimis
695 600 794 661 laxare
820 603 999 674 voluerunt3

139 689 209 768 quis
223 688 292 746 licet
307 686 456 746 Dominus
472 684 541 744 velit
552 681 802 743 omneshomines
815 684 999 767 salvosderi,

140 768 193 828 sed
204 767 270 828 vult
278 777 312 824 ut
325 784 379 849 per
393 765 494 844 legum
510 779 632 822 suarum
647 762 866 824 observantiam
883 763 1003 824 salven·

140 858 201 908 tar.
216 850 324 908 Ataeo
338 847 460 905 laudare
473 856 596 925 possum
616 843 705 916 alios,
728 847 792 922 qui,
801 845 890 904 nimis
912 857 1003 906 cons-

140 931 266 988 cientias
281 946 421 988 coercere
435 936 593 1004 quaerunt,
614 925 792 1002 assignando
805 917 908 985 multis
921 926 1005 1006 leges

143 1009 253 1086 quibus
264 1012 344 1068 Deus
359 1009 471 1079 noluit,
489 1015 541 1066 aut
557 1005 662 1064 saltem
677 1023 737 1064 non
752 984 960 1072 manifestarit,
973 1021 1003 1065 se

143 1087 223 1148 velle
241 1107 296 1146 nos
318 1090 423 1148 teneri.
451 1088 560 1146 Nescio
582 1091 687 1144 ‘utrum
708 1085 808 1145 minus
823 1087 954 1167 scrupuli
968 1088 1005 1146 sit

109 1167 113 1174 ’
143 1169 317 1229 iaciendum
332 1169 448 1246 animas
461 1167 497 1226 ad
510 1177 606 1227 certas
620 1167 710 1224 nimis
724 1167 833 1244 rigidas
849 1168 1005 1248 opiniones

144 1249 327 1328 adstringere
348 1265 419 1308 cum
439 1247 575 1329 periculo
591 1263 696 1305 earum
720 1246 819 1306 totalis
842 1249 1004 1328 perniciei,

145 1333 236 1406 quim
256 1332 421 1409 approbare
446 1331 605 1408 opiniones
630 1328 719 1384 nimis
739 1327 892 1406 benignas.
916 1327 1006 1404 Quod

147 1409 235 1488 pejus
255 1421 317 1482 est,
342 1419 423 1468 nunc
453 1409 599 1488 temporis
624 1418 670 1467 tot
700 1407 767 1466 libri
798 1410 1005 1482 contumeliis,

148 1489 302 1546 acerrimis
321 1491 579 1568 objurgationibus
591 1497 622 1547 et
632 1490 766 1568 satyricis
776 1487 1007 1549 aculeissuffulti

147 1569 337 1628 circumferri
364 1571 587 1648 conspiciuntur
614 1569 747 1630 vicissim
772 1571 850 1628 inter
872 1583 1008 1630 auctores

149 1662 214 1710 tam
230 1649 333 1728 rigidae
352 1653 442 1727 quim
453 1649 590 1729 benignae
602 1651 772 1720 sententiae;
786 1651 866 1727 quod
886 1653 1008 1728 quidem

151 1729 292 1790 scandalo
313 1733 366 1790 toti
389 1731 528 1790 Ecclesiae
547 1742 607 1804 est,
633 1741 663 1792 et
684 1730 868 1808 obloquendi
880 1732 1013 1790 inimicia

151 1811 462 1871 materiamornant
476 1814 586 1892 pariter
596 1831 651 1891 pro
666 1813 789 1871 veritate
804 1812 835 1870 ira
848 1811 1009 1892 propatulo

149 1891 339 1965 collocanda,
352 1911 420 1952 earn
434 1896 531 1974 magis
546 1895 644 1953 dubiis
662 1903 692 1951 et
712 1893 843 1953 tenebris
861 1891 1007 1952 offundit:

148 1971 223 2032 dum
249 1990 286 2031 ex
305 1973 479 2052 hujusmodi
500 1974 620 2034 dicendi
643 1975 758 2034 ratione
779 1973 905 2052 quilibet
926 1971 1010 2032 lucili

149 2054 368 2113 existimatnon
381 2057 548 2127 rationem,
561 2055 614 2114 sed
624 2057 724 2136 potiris
737 2059 880 2135 susceptae
894 2065 1012 2114 senten·

151 2135 200 2193 tiae
211 2134 434 2207 adhaesionem,
450 2155 486 2195 ac
502 2137 644 2196 concitati
662 2137 765 2206 animi
776 2148 882 2196 aestum
906 2154 957 2195 eos
976 2135 1013 2194 ad

150 2217 196 2274 sic
208 2215 399 2275 scribendum
413 2218 615 2296 compulisse,
631 2219 723 2296 etqui
742 2237 778 2277 ax
795 2216 965 2276 adhaesione
983 2226 1013 2274 et

153 2297 245 2354 animi
256 2307 330 2354 aestu
351 2297 500 2374 loquitur,
516 2316 571 2358 neo
586 2298 642 2358 sihi
655 2297 745 2358 iidem
759 2300 941 2377 assequitur,
958 2313 1013 2356 nco

151 2376 227 2435 alios
239 2377 407 2454 persuadet.
429 2389 431 2394 '
842 2417 845 2420 -

198 2458 264 2515 115.
272 2458 378 2516 —Sed
388 2456 467 2515 unde
481 2457 671 2518 discessimus
682 2469 879 2518 revertamur.
889 2459 932 2516 Ex
939 2475 1014 2538 prae·

155 2539 214 2594 lata
225 2539 673 2598 communisententiainfertur
682 2559 708 2614 r,
721 2557 790 2600 cum
798 2539 898 2616 Laym.
907 2538 1012 2598 Saacl.

156 2615 258 2692 Lago,
271 2615 399 2694 Castrop.
416 2617 510 2678 Salm.
525 2618 641 2680 Holzm.
655 2619 732 2681 Hah.
751 2621 892 2697 Anteius,
909 2633 938 2680 et
951 2618 1016 2679 aliis

158 2697 377 2768 communiter,
393 2700 474 2774 quod
488 2702 518 2758 in
532 2719 602 2760 casu
617 2721 676 2780 quo
690 2704 840 2782 poenitens
850 2701 1016 2762 contraxis·
1035 2730 1045 2742 -
1074 2709 1076 2714 '

155 2785 205 2837 set
225 2775 450 2836 Matrimonium
470 2781 636 2842 invalidum
659 2783 698 2844 ob
722 2783 844 2862 aliquod
865 2778 1018 2842 occultum

157 2857 431 2938 impedimentum,
441 2863 508 2934 etin
519 2862 597 2922 bona
611 2864 667 2922 fide
677 2845 861 2931 virseretum
874 2871 904 2919 et
914 2864 1018 2922 contri

153 2949 236 3000 esset
248 2939 417 3020 periculum
429 2942 577 3018 infamiae,
589 2944 738 3018 scandali,
757 2952 807 2999 aut
826 2944 1018 3003 incontinen-

157 3021 224 3094 tiae,
239 3023 264 3078 si
277 3021 306 3081 ei
321 3022 488 3100 aperiretur
501 3026 638 3095 nullitas;
655 3037 728 3086 tuno
745 3023 955 3083 Confessarius
968 3025 1018 3081 de·

159 3100 210 3160 bct
223 3119 295 3159 cum
315 3103 484 3181 relinquere
496 3106 526 3162 in
541 3106 620 3165 boni
632 3107 706 3178 lide,
722 3123 815 3182 usque
830 3101 902 3160 durn
913 3107 942 3161 ei
957 3104 1019 3161 dis-

161 3181 297 3259 pensatio
309 3183 535 3262 impetrabitur3
544 3197 669 3266 excepto
679 3188 719 3258 ,si
726 3183 907 3266 dispensatio
920 3182 1021 3242 statim

159 3268 194 3318 et
215 3258 339 3320 faciliter
359 3265 488 3324 obtineri
513 3267 607 3344 possit
627 3269 643 3324 a
660 3270 756 3347 Papa3
781 3275 832 3324 aut
856 3262 960 3324 saltem
982 3261 1020 3320 ab

162 3339 313 3420 Episcopo
334 3344 417 3422 luxts
447 3363 662 3421 communem,
685 3357 716 3406 et
732 3345 818 3406 raldo
833 3341 1023 3430 probabilem
