2406 3936
146 157 215 234 Cup.
236 155 267 214 ἀξ
281 150 395 212 Perstet?
411 148 501 210 r.'De
514 147 813 214 excommunicatione
826 150 874 216 Μ.
896 155 956 230 [μδ

92 270 212 318 tantum
228 263 275 312 est
295 249 422 326 illicita,
447 249 604 318 sedetiam
620 237 761 311 invalida.
779 253 957 314 Testilicatio

92 353 197 398 tamen
208 332 326 393 vitandi
340 348 400 388 non
415 340 460 387 est
475 331 576 404 Irrita,
593 332 645 389 sed
658 343 756 410 potest
769 334 884 412 repellit
896 337 957 394 Ex·

93 415 338 479 communicatus
361 427 417 468 nec
431 421 530 486 potest
547 429 611 469 esse
626 422 725 484 tutor,
742 431 797 470 nee
817 424 958 485 curator,

94 517 152 558 nec
171 503 330 554 exsecutor
347 491 590 548 testamentarius
612 490 653 570 (si
667 492 839 571 repellitur)
856 512 912 564 nee
926 493 962 551 li-

95 581 155 638 eite
173 584 274 655 potest
291 572 368 630 inire
389 579 579 642 contractus,
597 590 653 630 nec
669 574 790 645 testati,
805 573 875 631 lieet
890 591 962 632 con·

101 668 214 718 tractus
230 664 260 712 et
277 660 493 711 testamentum
514 653 573 708 sint
586 648 681 710 talida
699 651 753 731 (a).
777 651 846 712 vll:
863 656 962 714 Pritat

97 737 306 817 jurisdictione
324 751 331 788 :
348 749 440 808 quare
453 727 732 792 'excommunicatus
753 730 900 811 (intellige
918 736 962 793 vi·

99 813 221 894 tandus)
232 831 292 872 non
307 822 407 890 potest
421 828 476 869 nec
488 810 585 896 legem
600 813 686 882 ferre,
705 832 759 872 nec
771 815 961 890 sententiam,

99 915 158 958 neo
178 893 441 975 praesentationem
452 931 471 962 ,,
484 901 536 948 aut
553 892 733 966 electionem
747 893 784 950 ad
798 893 960 965 beneficia3

103 979 173 1056 quia
192 975 257 1034 haec
278 982 348 1031 sunt
370 972 495 1030 omnino
518 972 611 1028 irrita.
633 975 706 1032 Dico
726 967 877 1046 citar'trles,
893 976 963 1050 quia

106 1068 189 1126 aetus
202 1054 319 1114 tolerati
335 1051 524 1122 scultetici,
541 1052 592 1109 sed
603 1052 696 1112 illiciti
712 1095 721 1123 ,
737 1055 794 1112 nisi
809 1072 861 1112 eos
874 1071 963 1116 exeu-

105 1147 151 1196 set
163 1133 323 1206 necessilas
338 1130 394 1212 (l),
416 1133 498 1190 VIII.
518 1133 618 1190 Privat
635 1133 786 1212 sepulturi
806 1134 963 1193 eeclesias-

103 1220 185 1286 tice,
206 1214 281 1272 adeo
302 1224 334 1272 ut
351 1213 494 1270 cadavera
513 1215 843 1272 excommunicatorum
866 1215 964 1273 dehu-

103 1295 214 1356 manda
230 1295 288 1353 sint
301 1297 317 1350 al
331 1293 490 1371 sepulturis
509 1289 643 1370 (quotics
661 1295 743 1351 certi)
756 1296 877 1355 secerni
891 1315 964 1374 pes·
1006 1308 1012 1320 ·

104 1373 212 1454 sunt);
227 1386 258 1433 et
270 1374 322 1432 ubi
337 1373 488 1452 sepultum
500 1383 545 1430 est
555 1373 681 1431 cadaver
692 1374 802 1431 vitandi
817 1371 897 1452 (non
912 1394 964 1434 au·

106 1469 167 1516 tem
177 1455 313 1529 tolerati,
330 1453 400 1512 lieet
413 1453 562 1524 haeretici,
580 1451 631 1512 sed
643 1471 703 1512 non
715 1456 895 1515 nominatim
909 1454 964 1513 de-

105 1533 246 1616 nuntiatI)
260 1531 297 1614 Ι,
318 1553 379 1616 non
394 1540 492 1612 potest
505 1533 672 1604 celebrari,
692 1534 746 1592 nisi
759 1535 841 1611 priris
855 1537 965 1594 recon-

105 1618 227 1692 cilietur
237 1615 391 1687 Ecclesia,
406 1633 465 1689 cap.
476 1611 593 1688 Sacris,
609 1615 642 1672 tle
657 1617 757 1689 sepult.
772 1615 861 1688 Quod
877 1616 966 1672 sier*

105 1698 343 1767 communicatus
362 1713 422 1754 non
443 1695 774 1770 toleratusffdeccssisset
788 1711 858 1752 curn
873 1695 964 1770 signis

107 1778 301 1857 ponitentiae,
312 1777 378 1854 ejus
390 1777 515 1834 cadaver
523 1775 740 1834 absolvendum
754 1777 818 1831 esti
827 1793 962 1845 censura,

107 1869 137 1916 et
150 1856 309 1934 sepulturae
323 1867 428 1936 postea
440 1855 645 1913 mandandum
658 1875 667 1927 ;
692 1853 849 1930 Castropul.
871 1852 963 1910 Salm.

108 1945 138 1996 et
156 1934 290 2010 Corneio.
310 1935 368 2008 Qui
389 1937 495 2016 sepelit
509 1937 824 2008 excommunicatum,
841 1935 965 1993 incurrit

107 2017 451 2078 excommunicationem
462 2019 608 2094 majorem
617 2060 626 2091 ,
640 2037 676 2074 era
686 2019 809 2076 clement.
829 2035 854 2074 ι.
869 2017 903 2076 tle
914 2013 966 2074 Se·
1062 2017 1070 2042 ⁶

103 2099 177 2174 pult.
194 2095 242 2156 Illi
255 2098 326 2155 verb
341 2099 391 2173 qui
402 2099 491 2158 lunus
502 2100 698 2172 associantur,
710 2106 762 2157 aut
774 2107 884 2158 canunt
895 2115 966 2174 pre-

108 2196 179 2247 ces,
199 2187 229 2236 et
245 2177 439 2259 probabiliter
456 2183 547 2239 etiam
563 2180 604 2238 illi
624 2182 674 2259 qui
694 2191 798 2241 curant
817 2178 967 2258 sepeliene

109 2258 198 2329 dum,
218 2270 253 2316 ut
272 2259 489 2336 dicuntCujet.
516 2261 622 2320 Bonae.
646 2263 701 2321 Aa.
724 2261 867 2320 Salutem.
879 2300 890 2331 ,
907 2269 965 2316 ete.

107 2350 232 2420 peccant
246 2341 367 2416 quidem
384 2343 531 2414 graviter,
546 2345 597 2413 sed
613 2361 674 2399 non
688 2345 844 2400 incurrunt
858 2357 968 2396 censu·
1057 2385 1064 2406 ,

109 2418 312 2497 ram(0).1x.
331 2419 433 2474 Privat
449 2413 863 2491 denique‘excotnmunlcatiu
879 2419 968 2474 etium

112 2496 390 2559 communicatione
416 2493 498 2551 civili
518 2511 589 2550 cum
606 2493 760 2562 fidelibus,
778 2496 830 2551 sed
851 2494 887 2548 de
912 2494 967 2552 hae

108 2580 270 2653 loquemur
284 2576 398 2630 Punoto
413 2573 560 2646 sequenti.
