2392 3968
238 82 297 184 ded
320 106 417 166 Trica.
437 121 483 180 19.
501 99 546 161 De
561 97 695 162 Canauna
706 109 733 158 et
745 99 764 160 1
767 99 1029 180 tragularr‘tatibus.

239 210 329 266 tionis
341 201 501 272 celebrari,
517 201 586 277 quia
601 203 637 258 B.
652 202 686 258 V.
703 199 882 258 sanctificato
897 199 952 257 suit
967 200 999 256 in
1016 208 1127 256 utero

240 287 357 356 Matris,
367 282 488 341 domita
499 284 599 358 aperte
612 299 643 338 ae
660 283 715 358 pie
729 281 884 340 sententie
899 280 1126 356 refragantem

239 365 396 446 praeberet.
413 363 443 422 5.
461 361 520 436 Qui
536 361 705 419 transcribit
719 361 896 419 sententiam
910 361 1122 438 oppositam,

240 448 315 505 adeo
331 455 362 502 ut
377 444 422 501 ria
433 441 521 500 detur
532 459 600 498 eam
614 441 754 522 amplecti
772 439 825 520 (a).
840 442 868 512 [r.
885 441 1124 516 Trandgresso-

241 545 289 586 ree
303 527 367 605 ipso
377 524 455 582 laeto
467 521 691 601 suspenduntur
703 525 720 580 a
732 519 856 587 divinis3
868 519 1121 598 etprobabilids,

241 618 274 664 ut
294 613 377 663 tenet
393 603 520 674 Bonan,
539 603 630 664 etiam
649 603 806 662 incurrunt
826 596 1052 660 inhabilitatem
1078 596 1122 655 ad

241 685 359 753 officim
376 685 430 743 sed
443 681 540 759 quoad
554 684 755 760 privationem
771 681 852 738 rucis
865 690 896 738 et
909 680 1118 756 dignitatum,

241 777 299 824 etc.
322 765 484 844 requiritur
503 764 661 822 sententia.
682 761 711 818 5.
730 761 864 818 Praelatae
884 778 981 837 poenae
1004 761 1118 816 incur-

241 856 350 904 ruutur
370 856 439 902 tam·
453 843 490 900 ab
513 841 725 900 Ecclesiasticis
750 842 839 912 quam
861 841 877 894 a
898 839 1002 904 laicis,
1024 841 1117 897 ¹sicut

241 925 367 984 habetur
380 943 417 981 ex
430 923 509 980 bulla
527 919 609 978 Pauli
625 920 688 975 Vct
701 919 829 995 Gregor.
845 917 910 974 XV.
925 917 956 975 6.
975 919 1024 976 Ab
1039 921 1114 998 ipsis

241 1007 336 1084 pranis
350 1002 431 1062 aolus
451 1003 528 1078 Papa
541 998 695 1056 absolvere
712 1008 811 1076 potest
826 1038 835 1068 ,
851 1009 902 1055 aut
915 999 1111 1078 Episcopus,

240 1076 314 1141 cdm‘
324 1091 480 1158 peecatum
492 1089 537 1136 est
549 1079 705 1136 occultum
719 1097 727 1135 ι
739 1078 839 1154 quoad
854 1089 956 1136 autem
971 1079 1112 1138 lautores

241 1161 396 1229 sententiae
412 1161 486 1238 piae,
501 1161 582 1216 certi
603 1157 649 1216 his
664 1159 793 1218 vetitum
810 1168 857 1216 est
871 1157 928 1216 sub
941 1177 1033 1237 paena
1055 1180 1111 1218 ex-

239 1239 523 1300 commtsoicationis
542 1255 690 1297 asserrere
705 1237 762 1296 hoc
776 1255 841 1296 esse
856 1238 965 1316 dogma
980 1241 1110 1307 irrefra-

241 1321 342 1400 gabile
357 1322 444 1390 fidei,
459 1320 762 1398 oppositemcensura
773 1318 871 1397 aliqui
880 1319 1012 1378 uiolando
1025 1339 1034 1388 ;
1046 1340 1109 1378 non

240 1413 342 1460 autern
354 1419 422 1460 earn
434 1399 598 1459 rationibus
607 1410 638 1458 et
649 1401 824 1458 auctoritate
836 1399 996 1457 defendere
1009 1419 1017 1457 :
1035 1403 1108 1478 quia

241 1483 379 1559 qtramris
399 1481 430 1538 iu
452 1480 533 1540 bulla
552 1479 677 1539 Pauli-v
696 1481 824 1539 vetitum
845 1480 883 1538 sit
895 1479 1016 1558 publice
1036 1500 1107 1538 eam

242 1579 433 1640 oppugnare,
450 1571 480 1618 et
493 1561 582 1621 etiam
597 1561 634 1618 de
648 1559 699 1617 illa
713 1571 837 1620 tractare
874 1562 1039 1632 uacatione,
1057 1562 1106 1620 ni-

241 1641 406 1701 hilominus
424 1641 522 1718 'aliqui
548 1640 652 1698 dicunt
678 1642 832 1724 praelatum
853 1579 970 1700 lunam
995 1643 1025 1698 io
1052 1639 1104 1699 tali

241 1734 354 1802 puncto
372 1740 433 1783 uon
452 1739 517 1780 erse
531 1739 586 1779 usu
605 1731 778 1798 receptam,
801 1730 852 1778 aut
869 1721 997 1800 intelligi
1013 1721 1052 1780 de
1067 1723 1104 1780 iis

242 1804 293 1881 qui
306 1806 387 1884 piam
398 1801 561 1860 defendunt
573 1799 753 1860 senteutiam
768 1812 800 1858 ut
811 1801 1010 1880 fideidogma,
1023 1804 1103 1861 sicut

241 1886 346 1962 reapse
359 1883 491 1960 loquitur
500 1881 581 1940 bulla
591 1881 625 1941 S·
639 1883 684 1939 ilii
698 1899 706 1938 :
719 1882 938 1964 sedresponsio
952 1885 1063 1942 certior
1073 1891 1103 1942 et

241 1959 350 2022 clarior
364 1973 429 2033 est,
450 1963 529 2040 dtrod
547 1964 668 2040 praefata
683 1953 763 2020 bulla
777 1963 831 2019 fuit
847 1963 1027 2022 moderaturi
1044 1982 1101 2022 no·
1165 2029 1166 2034 η

240 2044 364 2101 resima
377 2042 535 2100 Alexandri
545 2045 605 2110 ‚vll
615 2083 624 2113 ,
636 2043 687 2100 obi
701 2044 874 2102 conceditur
888 2044 1099 2121 operterepel-

240 2121 302 2179 lere
316 2133 493 2198 argumenta
513 2124 660 2199 oppositae
678 2125 849 2193 sententiae,
870 2123 941 2180 dum
954 2121 996 2178 ibi
1012 2123 1098 2181 dam-

241 2199 522 2276 natur-praedicare,
545 2201 628 2275 loqui
645 2212 697 2257 aut
717 2203 1003 2261 tractareadrereus
1018 2205 1098 2281 piam

241 2280 437 2349 sententiam,
459 2287 557 2336 contro
576 2299 636 2338 eom
649 2291 817 2358 arguennae
830 2283 992 2358 afferendo,
1008 2293 1034 2340 et
1053 2287 1098 2340 in-

239 2359 334 2416 soluta
358 2361 550 2436 relinquendo,
579 2362 660 2438 Ergd
684 2365 824 2424 concedit
849 2366 930 2440 Papa
946 2365 1099 2422 evidenter

240 2440 388 2499 adducere
400 2452 577 2521 argumenta
592 2442 744 2520 opposita,
763 2454 793 2500 et
803 2462 837 2501 ea
851 2444 1028 2513 confutare3
1048 2463 1096 2502 er-

240 2524 278 2598 gd
288 2522 426 2580 concedit
439 2533 565 2581 tractare
581 2522 617 2580 de
633 2523 778 2580 sententia
791 2525 856 2600 pia,
874 2533 904 2582 et
917 2540 985 2582 eam
996 2524 1096 2582 delen-

240 2601 310 2659 dere
328 2599 381 2680 (b).
398 2603 432 2658 ln
446 2597 536 2680 opere
549 2605 649 2660 autem
667 2601 705 2680 (c)
719 2604 803 2661 adeat
815 2605 949 2663 defensio
961 2606 1018 2682 piae
1030 2623 1094 2660 sen·

239 2681 363 2748 tentiae3
383 2691 413 2738 et
429 2683 520 2740 etiarn
539 2683 693 2740 sententiae
706 2683 886 2758 qaodttceot
902 2686 991 2742 vitam
1003 2684 1095 2740 effun-

240 2757 309 2815 dere
323 2778 378 2838 pro
390 2760 441 2818 tali
453 2764 501 2840 pia
513 2762 675 2837 sententia,
688 2767 758 2820 crim
771 2764 837 2821 talis
847 2765 947 2823 cultus
957 2783 1023 2839 erga
1033 2765 1094 2820 lla·

239 2839 313 2896 riam
334 2840 388 2899 SS.
409 2842 446 2896 sit
465 2848 548 2898 actus
569 2840 738 2917 religionis3
753 2861 823 2902 nam
837 2845 908 2903 dicit
927 2845 959 2918 S.
977 2843 1094 2900 Tirones

241 2917 284 2997 (d)
301 2919 382 2996 quod
396 2929 493 2995 potest
508 2922 655 2997 acceptari
670 2925 847 2998 martyrium
864 2925 918 3003 piro
935 2924 1094 2983 defenden-

239 2999 275 3055 da
287 2997 418 3075 qualibet
433 2999 542 3056 virtute
558 3019 567 3057 t
583 3011 614 3062 et
629 3003 742 3059 Bened.
759 3006 828 3061 xlv
845 3003 883 3084 (a)
902 3005 974 3062 dicit
989 3005 1024 3061 ab
1039 3006 1092 3062 Ec-

238 3077 328 3136 clesia
348 3095 404 3153 pro
423 3089 553 3156 martyre
571 3080 672 3140 haberi
693 3081 795 3153 illum,
819 3087 869 3161 qui
890 3085 982 3142 vitam
1002 3083 1092 3150 fundit

238 3155 492 3234 pro-defendendo
507 3161 605 3238 aliqua
623 3163 671 3239 pia
691 3165 838 3224 sententia
856 3175 908 3222 aut
927 3183 965 3222 ne
981 3165 1092 3222 omittat

239 3236 369 3312 aliquem
385 3241 503 3298 virtutis
514 3253 627 3298 actum.

242 3335 1092 3372 μ--ι-μ-Ι--Ἥ-ψ

272 3405 309 3466 (a)
320 3403 414 3466 lepi
424 3402 601 3470 ad247.-(b)
609 3398 649 3457 N.
657 3408 717 3471 248.
727 3435 760 3448 --
770 3409 808 3473 (c)
817 3409 856 3461 Ν.
868 3409 929 3477 ²49·
938 3437 972 3449 -
984 3411 1023 3475 (d)
1032 3425 1087 3462 m.
1164 3407 1165 3410 ’

233 3484 265 3538 p..
279 3467 335 3534 134.
348 3489 372 3524 a.
385 3474 410 3524 5.
425 3499 457 3513 ·-
469 3476 506 3541 (e)
518 3475 559 3534 De,
569 3475 695 3527 Cataonia.
708 3475 760 3529 SS.
776 3476 832 3530 Lib.
850 3496 874 3530 r.
889 3496 947 3547 cas).
960 3479 1004 3544 uzi.
1014 3497 1039 3532 rt.
1050 3480 1087 3532 ιδ.
