2438 3916
303 89 376 172 cap.
397 97 424 156 Β.
440 96 487 154 De
500 95 605 173 Sigillc
620 87 819 169 concisionis.
840 81 846 98 ’
933 89 990 170 245

134 199 249 260 Halm}
275 195 307 253 V
308 196 373 268 ico,
387 193 483 253 Elbel.
503 192 594 251 Salm.
616 204 695 266 etc,
707 195 776 270 quia
788 191 920 271 sigillum
935 213 995 252 non

135 277 321 342 contrahitur
339 279 370 335 in
391 275 608 352 preparatione
629 271 667 331 ad
687 274 929 345 confessionem,
945 276 997 332 sed

134 363 276 420 duntaxat
289 360 320 415 in
335 355 523 415 consessione
537 353 644 422 actuali
660 352 997 434 aotproximeinchoa·
1094 405 1097 410 .
1198 347 1209 378 '³

134 454 181 513 to,
199 451 232 498 ut
252 439 392 518 superias
406 437 548 494 diximus.
560 435 677 492 Etcdm
689 437 834 514 scriptura
848 427 998 507 ordloaric

124 541 193 590 ¹non
209 523 248 580 sit
263 518 432 578 necessasia
445 515 492 574 'ad
510 513 716 573 confitendum
725 556 734 586 ,
750 514 949 594 respondetur
962 515 999 571 ad

135 601 301 662 secundam
323 600 473 656 rationem
485 597 656 674 oppositam
677 593 755 675 (pari
776 595 868 654 modo
883 613 917 652 ac
935 613 1001 652 nes-

135 699 266 762 ponsom
280 690 326 738 est
337 681 368 736 in
377 687 482 755 quaest.
494 675 708 754 antecedenti),
724 675 902 754 quodtimor
916 691 1001 733 reae·

136 764 256 822 lationis
281 761 436 838 scriptura
453 757 602 815 dedocet
625 755 759 815 odiosam
781 757 999 836 scriptionem,

136 861 197 903 non
210 853 317 906 autom
332 839 567 899 confessionem.
583 838 674 894 Recte
688 848 789 896 tamen
804 839 957 916 excipiunt
972 855 997 895 ι.

136 925 241 1002 Lago,
256 921 343 998 Spar.
363 919 482 980 Halzm.
496 959 505 984 ,
519 928 576 974 etc.
595 918 620 974 si
634 917 686 974 illa
706 919 851 996 scriptura
864 918 1001 976 confecta

138 1015 218 1063 esset
236 1007 252 1060 al
270 1012 356 1060 anuto
366 1043 376 1074 ‚
396 1001 448 1077 qui
472 1017 533 1056 non
553 1007 654 1076 posset
667 996 753 1056 aliter
766 999 915 1056 ccnlileri.
926 1015 953 1054 a.
969 997 1001 1054 Si

139 1095 220 1142 esset
239 1082 365 1162 epistola
386 1081 423 1138 ad
438 1081 625 1158 maperiorem
646 1081 756 1157 scripta
769 1096 825 1158 pro
842 1077 1003 1138 obtinenda

140 1163 261 1222 licentia
280 1171 509 1219 reservatcmm.
533 1159 562 1216 3.
588 1158 620 1216 Si
648 1159 698 1216 illa
724 1157 843 1231 charta,
867 1170 900 1217 ot
922 1160 1001 1216 necte

140 1245 244 1304 dicunt
256 1241 290 1299 V
289 1242 353 1312 iac,
372 1239 420 1300 W
420 1240 544 1319 igandt,
563 1255 635 1298 com
655 1241 720 1318 ipsc
746 1239 779 1297 de
805 1239 908 1316 Lnga,
925 1249 1003 1298 esset

142 1327 318 1402 consignata
329 1323 485 1382 Sacerdoti
499 1339 554 1400 pro
567 1320 756 1379 consessione
771 1321 920 1392 facienda,
934 1321 1002 1398 qoia

141 1413 215 1464 tunc
242 1403 333 1462 ctiam
350 1402 479 1462 babetur
502 1413 644 1480 tanquam
668 1401 816 1476 confessio
836 1399 1000 1472 inchoata3

135 1485 194 1543 ‘aut
214 1477 393 1564 (adduntl‘s'i
408 1483 459 1545 illa
472 1483 572 1544 charta
587 1484 696 1542 relicta·
706 1493 784 1542 esset
797 1502 868 1543 caso
882 1486 912 1541 in
926 1491 1003 1543 con·
1061 1531 1070 1540 .

143 1565 294 1624 sessionali
308 1575 376 1644 post
389 1565 497 1623 saetam
509 1563 743 1623 contessionem.
758 1565 909 1623 Caetcnlm
921 1577 1002 1624 extra

142 1647 315 1717 haseccae,
331 1656 365 1702 ut
375 1644 479 1704 dicunt
492 1643 593 1719 Lcym.
606 1643 743 1720 'Castrop
759 1653 786 1702 et
798 1645 880 1716 Spor.
898 1649 949 1722 qui
959 1645 1002 1704 lc·

145 1737 229 1805 geret
241 1725 414 1800 huiusmodi
430 1726 591 1804 scripturas
616 1723 658 1804 (et
671 1727 755 1785 tontd
771 1729 866 1804 magis
883 1727 933 1802 qui
951 1743 1003 1784 eas
1039 1738 1042 1745 '

143 1803 297 1887 proderet)
324 1823 383 1864 noo
396 1816 497 1886 potest
512 1807 646 1866 excusari
659 1810 675 1864 d
691 1818 814 1886 peccato
830 1803 1002 1886 gras-i‚:nisi

143 1888 234 1948 'sciret
246 1887 327 1944 certo
348 1887 389 1946 ibi
404 1887 552 1948 contineri
563 1888 715 1948 levissima
734 1900 867 1970 peccota.
882 1887 1003 1947 Addunt

144 1966 275 2046 amplids
295 1967 397 2044 Loym.
414 1965 446 2028 s't
458 1967 567 2044 Spar„
583 1969 664 2046 quod
674 1983 796 2049 peccota
810 1971 851 2029 ibi
863 1977 1002 2029 contenta
1020 1981 1024 1989 ·

145 2065 205 2108 oon
213 2058 335 2126 possent
346 2050 491 2124 revelari,
505 2051 560 2109 nisi
572 2053 601 2108 in
618 2067 687 2109 casa
699 2051 1003 2112 maximaenecessita-

144 2129 200 2200 tis,
213 2140 244 2187 ut
259 2139 337 2188 esset
353 2131 389 2188 ad
403 2131 576 2190 salvandam
590 2133 830 2214 rempublicam,
847 2144 897 2192 aot
913 2133 1001 2190 sitam

145 2211 314 2268 innocentis
330 2207 384 2290 (α).

84 2345 86 2350 .
189 2289 254 2349 152.
279 2293 418 2352 Secundo
431 2291 695 2358 locoadnotontur
722 2313 789 2374 quac
815 2297 925 2355 cadunt
948 2295 1003 2353 sub

146 2370 266 2448 sigillo,
298 2383 329 2430 ot
351 2384 420 2432 sunt
435 2377 485 2432 21.
514 2375 615 2430 omnia
636 2387 755 2452 peccata
780 2379 950 2453 poenitentis
964 2375 1002 2435 ab

75 2519 89 2528 Ι,
146 2449 196 2510 ὶΙΙο
213 2453 402 2510 manifestata
423 2452 526 2508 animo
548 2466 578 2503 se
598 2453 755 2508 accusandi
772 2455 845 2530 (non
860 2467 960 2512 aotam
979 2458 1004 2514 si

145 2542 262 2590 narrata
274 2532 399 2590 luissent
412 2545 466 2609 pes·
480 2524 605 2584 modam
620 2529 764 2606 simplicis
785 2530 974 2612 cantationis)
991 2575 1002 2609 ,

146 2614 237 2668 etiam
259 2611 388 2667 venialia
403 2650 413 2682 ,
431 2609 502 2666 licet
515 2605 662 2676 minima;
679 2625 749 2664 nam
762 2609 791 2668 in
806 2616 929 2674 materia
945 2613 1003 2674 ho·

142 2691 192 2766 jus
203 2686 292 2763 sigilli
306 2698 421 2744 certum
444 2696 489 2744 est
501 2687 579 2768 apud
590 2706 697 2747 omnes
709 2690 770 2747 non
788 2692 849 2750 dani
871 2698 1003 2774 parvito-

143 2780 207 2828 tem
225 2766 369 2824 -matcriae
380 2784 390 2835 ;
406 2776 437 2824 et
458 2765 516 2826 hoc
551 2768 622 2828 licet
645 2769 793 2849 poenitens
811 2773 1003 2852 indispositos
1042 2837 1048 2846 ,

145 2848 387 2910 recessissetsinc
396 2846 584 2908 absolutionc
595 2848 651 2929 (b).
665 2853 707 2909 ΙΙ.
717 2851 840 2908 Peccata
849 2851 1003 2932 complicis

145 2930 340 3010 dpccnitente
353 2930 540 2989 manifestata
558 2931 649 2989 etiam
670 2932 733 2990 sine
746 2933 921 2991 necessitate
937 2935 975 3013 (c)
994 2955 1002 2993 z

146 3008 206 3082 iam
218 3011 332 3070 dictam
345 3020 474 3070 estaom.
486 3013 536 3085 do.
547 3015 701 3089 nunqudm
713 3012 802 3072 licere
812 3013 1002 3074 Confessanio

148 3087 332 3170 interrogare
353 3094 549 3171 poenitentem
570 3093 607 3152 de
626 3095 748 3154 nominc
766 3093 931 3172 complicis.
959 3097 1003 3152 An

148 3183 218 3226 com
229 3169 349 3230 licentia
361 3175 465 3252 'possit
487 3175 653 3232 admonere
664 3174 843 3257 complicem
857 3215 879 3248 ,.
893 3185 1005 3254 negant

154 3325 982 3360 *ww—..qun

182 3415 305 3482 (afflavit.
317 3419 378 3474 ⁶50.
394 3449 428 3466 -
440 3423 897 3500 (b)lttam.657‚-<e)ll1m.clo.
911 3426 952 3480 11.
