2406 3936
3 259 8 296 i

2 322 7 378 i

2 417 9 458 ι

6 487 10 536 l

2 563 10 620 l

2 648 11 702 l

2 744 11 782 r

2 825 11 865 r

2 905 11 946 ι

2 987 11 1027 a

2 1052 11 1111 l

2 1149 10 1191 r

2 1229 10 1272 r

2 1295 10 1353 l

2 1393 10 1434 r

2 1460 10 1516 l

2 1543 8 1597 i

2 1639 8 1677 r

2 1717 8 1758 t

2 1801 8 1860 l

3 1883 6 1916 l

2 1966 5 1999 l

4 2043 6 2078 Ι

197 113 267 188 Cap.
284 133 312 172 a.
332 114 438 176 Ponet.
457 116 485 176 5.
503 115 547 176 De
560 113 771 200 impedimentis
785 119 879 178 (lirina.
910 118 972 194 567

107 227 194 288 opere
210 209 395 269 adnotantur
411 210 466 291 (a).
479 212 584 290 Ibique
595 211 689 269 etiarn
704 214 771 272 ride
783 232 849 289 quae
863 215 967 274 dicun-

107 303 153 348 tor
166 289 202 350 de
225 291 426 352 Matrimoniis
449 313 515 370 quae
536 289 758 354 contrabuntur
774 293 851 352 inter
870 294 969 368 heere*

106 372 193 442 tieos,
211 371 341 438 veloum
358 371 503 438 haeretiois
521 372 576 454 (l).

143 449 240 527 76.-
249 453 313 512 XV.
330 451 434 528 Rapta.
451 457 560 533 Raptui
569 459 684 518 etiamn
695 455 869 515 Tridentino
881 452 963 536 (isere.

106 533 154 602 24.
169 545 193 590 e.
207 530 259 610 6.)
284 535 460 612 impositum
481 547 525 594 est
545 537 808 616 impedimentum.
830 534 874 594 lld
895 553 968 592 con·

81 652 85 658 -
105 608 284 671 trahendum
295 612 353 674 boc
364 616 617 696 impedimentum
628 618 788 696 requiritur
804 635 827 680 r,
852 625 883 672 ut
899 631 965 672 mu·

105 690 159 748 lier
170 704 256 773 rapta
268 696 306 752 sit
316 695 353 756 ab
366 713 426 754 uno
448 697 486 754 ad
500 697 593 756 alium
612 699 712 759 looum
724 706 894 776 exportata,
918 696 966 754 rel

106 770 213 830 saltem
226 773 263 832 ab
279 793 337 834 una
351 776 389 834 ad
407 776 498 834 aliam
512 778 636 839 domum
650 780 764 856 aliquos
782 793 887 854 passus
904 776 966 840 dis,-

105 851 193 911 sltem
220 851 291 932 (sed
316 875 377 916 non
397 857 505 933 suffieit
528 859 564 916 ab
587 861 706 919 unoad
728 858 808 920 aliud
831 855 965 933 ejusdem

103 930 212 991 domos
225 935 419 1014 cubiculum)
433 938 483 996 ubi
497 938 544 996 illa
558 951 659 1004 manet
683 940 739 998 sub
756 938 884 1016 raptoris
907 937 965 1014 psso-

104 1021 209 1070 testate
218 1055 227 1086 ,
241 1015 312 1074 licet
326 1018 367 1075 ibi
384 1017 433 1079 illa
446 1019 483 1076 ab
497 1037 533 1078 eo
548 1021 666 1097 cognita
681 1038 741 1079 non
756 1020 810 1087 sit;
826 1017 864 1072 ita
877 1034 964 1072 corn-

105 1094 237 1151 muniter
256 1096 360 1155 Soneb.
377 1097 470 1155 Salm.
492 1098 633 1173 Concina,
649 1111 705 1160 eto.
724 1096 776 1179 (c).
795 1115 823 1155 a.
840 1097 879 1152 Ut
895 1114 964 1174 rap-

103 1180 149 1227 tos
162 1172 199 1230 sit
212 1187 343 1252 patratus
358 1178 422 1237 solo
434 1179 493 1236 line
505 1181 706 1248 llatrimonii3
721 1178 799 1237 unde
807 1217 817 1249 ,
832 1177 874 1233 uti
888 1193 962 1253 pro·

102 1249 234 1312 habilius
262 1267 365 1316 tenent
396 1257 499 1316 Sanclz.
529 1257 650 1317 Conine.
678 1259 790 1316 Helena.
829 1254 962 1331 Castrop.

101 1328 209 1404 Saltu,
224 1346 282 1395 eto.
298 1336 421 1416 (eontra
434 1340 540 1398 Bonae.
556 1340 703 1407 Basernb„
720 1334 797 1415 eto.)
815 1353 875 1393 non
887 1353 964 1394 con-

102 1409 190 1470 trahit
203 1412 259 1474 hoo
272 1419 543 1497 impedimentum,
565 1422 615 1499 qui
635 1419 693 1478 alio
710 1419 767 1478 fine
787 1433 854 1474 eam
874 1434 961 1494 rupes

98 1499 163 1565 ret,
182 1495 296 1555 etiamsi
315 1499 352 1557 ad
373 1500 529 1560 libidinem
553 1499 747 1580 explendam3
771 1513 840 1554 nam
856 1498 961 1554 conoi-

99 1570 173 1630 liom
186 1573 244 1636 boo
259 1579 477 1657 impedimento
498 1581 572 1639 nihil
586 1581 668 1640 oliud
685 1577 849 1646 intellexit,
869 1594 959 1652 quam

99 1651 284 1738 Matrimonii
297 1660 425 1720 libertati
441 1662 539 1720 lavere
554 1659 608 1740 (d).
626 1661 657 1718 5.
668 1661 706 1718 Ut
719 1669 820 1738 raptus
834 1655 883 1712 liat
895 1657 959 1714 dis-

99 1735 244 1796 sentiente
258 1741 401 1814 muliere;
418 1748 503 1801 seods
522 1753 566 1800 est
585 1745 609 1800 si
625 1735 869 1799 dissentientibus
886 1750 959 1811 pro-

98 1813 233 1892 pinquis,
250 1820 358 1880 mulier
368 1816 564 1892 assentiatur,
579 1833 678 1901 raptor
693 1821 763 1880 lieu
782 1820 958 1876 incursurae

99 1891 137 1950 sit
151 1895 334 1976 aliaspoenas
348 1904 378 1960 in
392 1915 525 1983 raptores
541 1903 630 1976 latas,
655 1919 714 1961 non
733 1911 833 1959 autern
855 1896 956 1975 impe-

96 1969 280 2049 dimentum,
302 1983 345 2042 utl
371 1987 572 2044 communiter
593 1985 701 2044 docent
722 1981 827 2040 Sanan.
853 1974 958 2036 Caela.

97 2048 183 2114 Cone.
201 2059 315 2120 Holam.
331 2061 448 2125 Gonina.
464 2066 587 2139 Aversa,
603 2065 759 2136 Salmant,
772 2072 827 2122 eta.
845 2057 904 2152 (0)·
925 2062 963 2121 Et

4 2127 5 2212 J
95 2130 176 2194 idem
188 2153 305 2202 constat
316 2161 353 2202 ex
363 2165 424 2222 rap.
438 2151 545 2223 penult.
559 2150 591 2208 ote
603 2145 744 2217 antea,
758 2143 809 2204 ubi
824 2142 955 2212 dicitur:

92 2211 155 2272 Iste
174 2229 273 2297 raptas
299 2217 355 2283 aiii
378 2249 434 2287 non
461 2229 557 2310 debet,
585 2229 648 2305 calm
672 2227 799 2288 habuerit
830 2223 967 2294 mulieris

92 2312 249 2374 assensum,
278 2315 306 2364 et
328 2311 411 2381 priris
435 2328 495 2367 eam
517 2311 735 2386 desponsaverit,
763 2314 848 2384 qaum
887 2328 958 2386 cog-

93 2383 217 2454 monta,
235 2387 299 2443 ticet
318 2397 444 2462 parentes
458 2391 649 2446 reclamarent.
671 2389 844 2446 Notandum
863 2391 915 2454 bic
934 2408 959 2447 r.

91 2463 193 2537 quod,
209 2466 292 2541 juxta
304 2467 530 2532 Tridentinum,
551 2477 658 2540 praeter
677 2465 734 2521 hoo
756 2465 959 2542 impedimen.

89 2552 177 2614 tum,
194 2555 296 2620 raptor
305 2583 314 2614 ,
328 2555 358 2602 et
371 2544 586 2602 aoeteriomnes
598 2542 648 2616 qui
661 2542 698 2598 ad
714 2540 750 2633 ad
765 2541 795 2598 id
809 2550 957 2630 auxilium

91 2640 183 2679 suurn
195 2633 352 2698 praestant,
366 2626 523 2680 incurrunt
536 2622 878 2686 excommunicelionern
890 2631 956 2708 ipso

89 2702 190 2768 samm
204 2699 328 2774 reliquae
346 2703 417 2760 verb
437 2718 532 2781 prenae
554 2699 700 2777 impositae
718 2703 734 2757 a
749 2704 878 2770 coneilio
897 2729 961 2778 non

89 2783 290 2839 incurrantur
314 2781 371 2838 nisi
386 2793 453 2860 post
471 2782 666 2850 sententiam
682 2779 838 2860 Castropat.
851 2791 954 2865 Sancte

87 2860 201 2934 Salm.,
215 2871 272 2920 eto.
292 2858 349 2940 (s).
359 2881 387 2923 a.
401 2861 956 2942 Quodraptormnttertstnvnaetneor·

86 2943 129 3002 rit
153 2942 406 3022 impedimentum
430 2955 460 3004 et
480 2963 598 3025 poenas,
617 2945 778 3008 liaetoum
800 2947 848 3006 illa
873 2953 955 3028 prius

86 3025 270 3096 contraxerit
294 3026 463 3104 sponsalia,
492 3028 534 3083 ati
553 3028 633 3084 reete
655 3025 766 3086 docent
791 3025 953 3104 Castropat.

86 3101 264 3176 Euandre,
282 3103 386 3166 Sanelr.
409 3107 497 3166 Cone.
517 3104 607 3166 Corn.
627 3105 734 3180 Satn,
756 3118 812 3168 eto.
832 3107 954 3188 (contra

86 3177 245 3257 aliquos),
271 3189 340 3244 cum
354 3198 472 3248 constet
483 3205 520 3246 ex
536 3186 664 3246 coneilio
689 3188 801 3248 incurri
821 3191 954 3273 impedi·
1008 3226 1013 3234 ·

124 3344 164 3414 (ἃ)
180 3345 212 3396 Ν
210 3383 217 3397 ·
231 3350 390 3416 1105·-(Ῑ))
398 3353 436 3406 Ν·
450 3355 815 3426 1105.-(0)N.1107.-(d)
826 3357 865 3410 Ib.
875 3377 897 3410 ν.
906 3359 956 3410 lie·
1011 3382 1017 3391 ·
1064 3383 1070 3396 ·

81 3415 951 3500 quo.2.-(.)ra.v.ne,nrr.s.7(r>rro.o.u.nonnum.
1052 3415 1056 3426 '
