2438 3916
105 155 109 166 .
139 165 145 178 .
175 103 185 166 J
228 81 297 163 296,
338 45 438 138 Trici.
455 81 501 138 18·
517 75 756 148 DeSacr'omenio
774 80 966 140 Matrimonii.

190 247 195 261 ¹
226 179 383 248 deducitur
398 197 425 234 r.
440 179 520 254 qubd
534 196 623 236 nemo
642 189 739 256 potest
754 180 850 259 teneri
863 179 900 238 ad
921 169 1080 259 sponsalia,
1106 213 1111 221 ·

164 292 170 308 ι
225 260 281 318 nisi
296 269 412 317 constet
426 257 462 314 de
477 277 531 318 suo
544 259 676 336 perlecto
689 260 810 318 rationis
825 264 899 330 bsu3
913 261 970 318 sed
979 263 1002 319 si
1013 279 1081 320 oon·

225 351 296 420 stat,
313 341 414 414 utique
431 337 480 402 ille
496 350 630 398 remanet
641 338 809 418 obligatus,
824 339 986 406 licetesset
998 358 1078 418 puer,

224 423 276 498 qui
295 412 472 496 adbuclnm'r
487 419 626 501 explevit,
638 422 851 498 septennium,
875 421 958 496 juxta
975 419 1093 499 proba-²

218 495 360 576 bilibrem
382 507 413 557 et
434 499 882 578 communioremseutentiam
900 499 1001 559 Sanco.
1024 499 1078 560 Co-

222 582 295 638 ttiae.
321 579 426 638 Bonae.
452 577 541 660 Salop.
560 621 570 653 ‚
592 591 650 638 eto.
673 591 777 640 eontm
796 579 919 638 Palaum
936 592 965 640 et
984 581 1075 653 alios,

124 656 139 674 ‘'
222 661 314 720 modo
331 659 474 740 (intelligi
490 657 597 740 dabat)
613 658 786 739 hujusmodi
798 671 875 741 puer
888 657 1077 742 eomp'rehen·
1182 661 1183 676 ¹

222 743 271 801 dat
285 741 385 822 aliquo
399 741 490 799 modo
503 761 594 800 onera
608 761 680 818 quae.
689 761 792 800 secum
806 743 891 800 affert
904 753 996 802 status
1007 759 1077 802 oon-

127 871 162 908 ’,Ἴ
219 821 337 900 jugalis.
363 820 527 880 Deducitur'
543 841 572 880 a.
596 823 759 899 quodnon
782 832 916 882 remanet
934 822 1079 901 obligatus

220 905 271 981 qui
284 904 435 982 promittit
446 903 508 961 sine
524 897 628 961 animo
640 901 852 983 contrahendi,
869 913 920 960 aut
935 905 999 961 sine
1014 905 1074 961 ani-

218 1001 270 1042 mo
298 1001 329 1040 se
351 981 518 1060 obligandi,
552 983 622 1040 lieet
647 993 840 1061 cognosceret
866 983 1078 1060 obligationem

67 1069 70 1082 '
111 1131 117 1145 Ι
241 1083 287 1122 uae
308 1071 349 1132 ex
370 1061 559 1141 sponsalibus
582 1065 699 1145 opitur„
722 1075 755 1122 ut
775 1063 958 1142 probabilius
977 1057 1080 1140 dicunt
1182 1071 1183 1076 ’

219 1083 324 1202 lancia
340 1141 406 1201 Pal.
419 1143 527 1216 bayas.
543 1143 625 1202 Lessl
638 1145 729 1208 Satn.
743 1143 838 1206 Maza.
854 1186 864 1219 ,
880 1155 936 1204 eto.
952 1186 961 1216 ‚
977 1155 1080 1203 contra

218 1224 379 1296 Pontium,
398 1221 525 1297 Sotum,
542 1223 573 1282 V
574 1219 663 1300 taam,
680 1236 762 1295 et0.;
779 1227 848 1302 quia
863 1227 980 1301 quando
999 1224 1079 1292 obli÷

219 1307 299 1384 gatio
314 1307 409 1364 oritur
422 1323 459 1362 ex
476 1308 599 1384 propria
609 1305 782 1377 voluntate,
799 1305 850 1362 ubi
871 1305 955 1376 deest
966 1303 1080 1363 volun-

216 1397 286 1462 tas,
304 1385 386 1444 deest
400 1385 493 1444 etiam¹
506 1386 657 1463 obligatio.
672 1369 775 1444 Et-boo
787 1383 867 1443 valet
879 1385 998 1443 etiamsi
1010 1403 1080 1464 pro-

217 1465 482 1540 missin‘sitjurata
499 1509 508 1538 ‚
525 1476 558 1524 ut
570 1469 650 1524 recte
665 1466 770 1525 dicunt
783 1463 818 1522 S.
835 1465 942 1523 Bonas.
958 1463 996 1536 S.
1013 1466 1079 1524 Aa·

212 1549 307 1610 tanin.
329 1544 432 1608 Sanco.
455 1546 578 1618 Patous,
601 1543 695 1604 Salm.
714 1547 787 1604 Bon.
810 1563 880 1603 eum
894 1544 928 1604 S.
947 1544 1078 1618 Thomu,
1136 1545 1140 1552 “

217 1629 286 1704 q‘uia
298 1627 501 1706 juramentum
514 1629 792 1705 sequiturnaturam
802 1627 1011 1704 promissionis
1022 1625 1077 1706 (a).

217 1707 311 1766 secus
329 1709 402 1765 verb
424 1707 616 1778 dicendum‚·
628 1710 653 1768 si
672 1709 821 1768 adfuisset·
833 1705 988 1766 defloratio
1009 1726 1079 1766 oum

202 1789 284 1864 licta
300 1788 518 1868 promissione,
531 1800 566 1847 ut
576 1789 689 1860 dictum
703 1790 759 1848 luit
775 1782 903 1845 Tomi.
913 1787 1018 1846 'Tract
1030 1787 1075 1846 Χ.

215 1868 247 1926 'a-
261 1869 337 1950 93.,=
358 1858 429 1930 oum
448 1870 484 1926 de
505 1861 694 1928 restilulione
709 1869 801 1927 locuti
816 1867 927 1944 fuimus
948 1866 1001 1946 (b).
1019 1869 1079 1942 Qui

214 1950 367 2028 promittit
379 1947 441 2008 sint
456 1950 557 2010 animo
569 1947 786 2019 contrahendi,
802 1957 832 2005 at
846 1965 917 2004 cum
932 1951 1031 2007 auimo
1046 1967 1079 2008 se

216 2029 389 2118 obligandi,
415 2031 471 2088 iste
496 2030 577 2086 certe
611 2038 749 2100 remanet
773 2027 940 2104 obligatus,
960 2029 1036 2108 [lieet
1059 2032 1081 2086 ‘a

213 2111 362 2189 prinoipio
387 2112 413 2168 ei
442 2109 558 2184 deesset
586 2109 704 2171 animus
728 2103 962 2186 promissionem
992 2127 1081 2168 exse-

215 2180 327 2272 quendi
347 2188 397 2269 (c).
417 2188 581 2270 Deduoitur
592 2187 621 2246 5.
638 2188 719 2266 qubd
733 2206 795 2246 non
810 2199 946 2262 rema-net
961 2189 1081 2268 obliga-

215 2283 264 2330 tus
277 2273 327 2348 qni
337 2269 487 2350 promittit
499 2269 640 2326 inductus
653 2271 701 2339 ri,
723 2275 774 2326 aut
784 2265 855 2329 dolo
871 2269 991 2329 alterius
1001 2313 1011 2339 ,
1022 2281 1082 2328 'aut

216 2365 317 2410 errore
339 2352 417 2410 circa
446 2349 644 2408 substantiam
660 2377 668 2422 ‚·
684 2351 746 2408 'aut
767 2350 845 2417 oiroa
872 2351 1005 2410 conditio
1028 2369 1083 2424 em

216 2431 442 2490 substantialem
455 2469 464 2502 ‚
481 2422 689 2492 adesset-etim
702 2431 752 2511 ille
768 2431 905 2510 eaepiesse
917 2369 1082 2510 p'romltte-

213 2524 260 2592 ret
270 2511 324 2571 sub
337 2513 386 2570 illa
400 2511 571 2591 particulari
588 2513 759 2573 conditione
778 2531 784 2569 :
799 2511 879 2588 quod
894 2513 1082 2590 caeteroquin

215 2603 260 2648 est
275 2610 439 2649 commune
457 2611 527 2658 cum
543 2596 658 2663 caeteris
671 2592 895 2662 contractibus;
912 2594 981 2660 vide
999 2593 1082 2652 dicta

215 2668 509 2746 Traet.X.o.1alp
735 2676 737 2680 ’
838 2669 841 2678 ’
879 2741 882 2748 Ι
993 2717 997 2722 ,

222 2759 228 2772 ·
256 2768 284 2807 a.
297 2781 340 2793 ·-
359 2751 513 2826 Quaeritur
535 2772 560 2811 1.
571 2771 620 2830 ,an
633 2751 752 2810 valeant
773 2751 923 2832 sponsalia
937 2751 1006 2822 oum
1021 2751 1084 2811 do-

214 2831 279 2903 lus,
297 2841 349 2890 aut
369 2851 453 2893 error
476 2835 513 2894 sit
535 2835 612 2890 eirea
633 2831 766 2910 aliquam
785 2834 989 2906 conditionem
1014 2849 1085 2890 non

212 2913 275 2989 jam
287 2911 531 2990 substantialem,
552 2908 834 2977 sed'aooidentalem
842 2955 852 2988 ,
865 2916 991 2973 sedeam
1007 2929 1087 2987 quae

213 2989 334 3054 eausam
357 2991 531 3053 contractui,
544 2992 584 3049 ita
603 2991 709 3064 dedit',
731 2982 765 3051 ut
785 2997 853 3060 ,sine
866 2995 924 3063 ,itta
947 3009 1087 3074 sponsus

109 3083 119 3095 ⁴
214 3085 275 3132 non
292 3064 507 3133 contraxisset?
519 3070 625 3129 Plures
637 3072 702 3130 no.
721 3073 989 3155 dieuntsponsalia
1002 3083 1087 3131 tuno

214 3141 404 3222 irrita'esse3
427 3151 480 3210 sed
501 3169 555 3234 uos
575 3153 749 3242 oppositupl
774 3167 807 3214 ut
823 3155 1010 3236 probabilius
1031 3163 1089 3227 tel-

384 3314 1067 3352 Ἡ--τ--ι

249 3415 287 3478 (a)
303 3409 384 3463 Num.
402 3410 462 3464 835.
475 3439 507 3453 ··
521 3413 561 3480 (h)
571 3412 628 3466 Lib.
641 3415 668 3469 6.
683 3431 710 3466 a.
729 3414 791 3472 835.
812 3443 845 3497 Ἶ-
858 3416 898 3480 (c)
914 3413 998 3468 Num.
1017 3413 1092 3466 852.
