2410 3916
235 99 311 176 Cap.
328 97 360 164 6,.
378 96 422 154 De
433 92 535 167 Officio
548 94 576 150 et
587 91 651 150 aliis
661 88 820 146 muneribus
835 87 920 166 Cous.
953 107 1009 150 arr

152 194 220 262 sire
234 193 375 276 ¹eligendo
396 192 536 269 indignos
557 190 727 258 ministros,
748 187 810 244 sive
829 184 1013 244 eonferenda

152 282 250 342 officia
262 286 315 336 aut
328 273 473 334 beneficia
494 269 641 348 indignis,
658 269 720 326 sire
740 267 771 322 in
791 283 869 324 rana
891 262 1012 343 impen-

148 362 250 422 dendo
272 359 385 416 fruetus
408 348 761 412 suorumbenefi'eiorum
777 362 845 403 euru
872 344 1012 404 maudein

151 445 296 510 sitorum,
306 447 359 496 aut
372 433 506 493 indebite
517 439 702 488 sacramenta
714 424 930 496 ministrand03
943 442 1014 484 naus

151 519 323 602 ignorantia
345 519 471 576 istorum
496 509 656 569 difficulter
677 509 735 566 erit
758 505 959 577 invincibilis,
984 514 1015 562 et

151 605 222 664 lieet
249 610 328 658 esset
352 593 551 666 invincibilis,
581 607 700 668 semper
726 587 874 646 damnum
897 586 1016 644 afferret

152 680 379 751 communitati,
404 676 513 736 saltem
531 672 570 747 ob
597 668 788 740 scandalum,
808 665 883 724 darn
906 666 958 732 elii
977 665 1014 722 tle

154 764 232 824 senili
243 769 429 842 putantesse
441 755 560 812 licitum
578 747 660 828 quod
673 748 775 807 vident
790 747 915 807 factitari
927 750 944 804 ai
963 765 1016 804 sta·-

154 843 335 927 perioribus.
348 841 384 898 Et
397 839 476 895 sieut
489 835 578 892 docet
602 829 780 890 Benedictus
804 827 886 886 xlv.
900 828 929 886 in
949 826 1017 884 iaus

154 927 222 984 data
235 923 316 983 bulla
336 917 515 997 Apostottca,
541 913 621 970 idem
639 908 865 990 practieandum
881 917 927 966 est
944 924 1017 966 euna

154 1008 190 1064 iis
212 1007 263 1082 qui
281 1008 466 1062 sacramenta
488 996 695 1072 frequentant,
720 989 819 1047 nealii
832 988 869 1046 ab
890 989 933 1047 eis
950 1005 1016 1066 pra·
1110 1017 1111 1025 κ

153 1079 229 1144 ‘vum
242 1093 360 1142 sumant
373 1077 549 1156 exemplum
564 1071 618 1153 (a).
639 1069 721 1147 Quid
733 1079 835 1127 autem
847 1067 1016 1128 faciendum

158 1167 222 1225 site
235 1163 425 1224 confessario
434 1154 567 1217 indubio
578 1158 679 1212 utrum
690 1151 834 1210 eorrectio
845 1149 1018 1228 profutura,

155 1265 192 1304 nn
209 1246 345 1304 troeitura
359 1242 395 1300 sit
404 1259 413 1312 ;
428 1240 533 1298 dieunt
552 1235 657 1312 Lego,
678 1231 787 1290 Dieost.
807 1228 919 1301 Salus„
934 1239 991 1286 eto.
1004 1267 1019 1300 ,

56 1315 61 1325 ¹
155 1337 226 1386 tune
243 1323 414 1384 librandum
430 1338 496 1378 esse
513 1318 657 1374 timorem
671 1312 773 1370 damni
784 1321 814 1368 et
827 1329 913 1388 spem
934 1303 1017 1369 utili·⁴

160 1406 246 1475 tatis,
259 1417 288 1464 et
301 1404 477 1481 eligendum
498 1397 580 1474 quod
597 1393 716 1454 ridetur
727 1391 1019 1470 praeponderantias.

160 1485 312 1544 Ceteram
336 1482 515 1560 regulariter
535 1473 705 1554 loquendo,
727 1473 758 1531 in
784 1471 875 1530 dubio
899 1485 1019 1548 semper

159 1561 387 1644 potiustitanda
402 1570 472 1620 sunt
481 1558 559 1616 mala
568 1554 723 1625 formalia,
734 1555 823 1630 quam
835 1550 1017 1620 materialia3

157 1645 240 1704 idern
254 1642 341 1702 Coae.
359 1638 508 1717 loquendo
528 1637 564 1696 ts
584 1635 770 1696 correctione
777 1634 932 1704 fraterna,
947 1631 1020 1690 dicit

157 1725 239 1803 quad
254 1725 285 1781 in
299 1721 391 1780 dubio
407 1719 572 1779 utrum'iila
585 1717 745 1797 profutura·
756 1731 794 1770 au
810 1713 951 1770 obfutura
962 1713 1018 1782 sit,

159 1804 326 1866 omittenda
346 1802 471 1870 insert,
492 1800 560 1876 qnia
579 1795 787 1876 imprudenter
801 1802 943 1872 operatur
957 1787 1023 1868 (sie

158 1885 208 1944 iiie
220 1879 342 1960 scribit)
354 1883 404 1960 qui
420 1879 601 1948 dubitando,
616 1878 641 1937 si
651 1875 835 1953 conjicit‚in
849 1870 1018 1952 perieulum

157 1983 254 2024 eausae
263 1981 328 2023 esse
340 1964 478 2040 proximo
491 1959 619 2036 aiicujus
633 1957 747 2038 pennati
761 1952 815 2035 (b).

170 2069 173 2078 ·
201 2045 360 2121 117.-V.
385 2042 595 2102 confessarius
613 2049 732 2096 tenetur
747 2033 903 2096 absolvere
921 2031 1020 2110 poeni-

159 2129 347 2184 tentemorim
356 2133 401 2181 est
410 2123 585 2200 dispositus.
597 2121 685 2190 Circa
699 2118 777 2176 hene
786 2113 1025 2194 dispositionem*

159 2205 250 2263 muita
264 2203 446 2263 advertenda
462 2212 544 2260 sunt.
569 2221 596 2258 s.
611 2215 778 2280 perpaucos
792 2215 857 2255 esse
875 2191 1021 2273 poeniten·

159 2286 220 2354 tes,
235 2287 401 2364 praesertim
416 2283 524 2354 rudes,
541 2281 592 2359 qui
606 2277 767 2360 praeposito
780 2289 846 2336 aetu
862 2273 973 2336 doloris
984 2271 1021 2332 ad

160 2365 363 2424 confitendum
378 2364 533 2422 accedant.
552 2363 696 2422 Nonnuiii
712 2357 894 2421 Confessarii
914 2361 1022 2433 putent

157 2447 230 2506 satis
257 2465 312 2504 suo
338 2445 458 2502 muneri
484 2443 607 2515 fecisse,
635 2443 660 2500 si
683 2443 825 2500 duntaxat
848 2431 1021 2507 huiusmodi

160 2529 339 2608 poenitentes
361 2524 499 2601 sequenti
523 2523 614 2582 modo
631 2524 839 2598 interrogent:
862 2515 938 2586 uta,
955 2531 1021 2588 pos-

162 2609 271 2662 tulatae
283 2602 375 2662 aneo
390 2605 497 2662 vertiam
514 2603 548 2660 de
564 2605 690 2661 emeatus
703 2595 770 2660 iis?
798 2597 898 2679 (quod
918 2595 1023 2674 revere

164 2693 285 2741 nonest
307 2702 394 2742 serus
413 2695 496 2742 notus
514 2682 666 2762 'doloris):
684 2682 726 2740 Te
747 2679 864 2756 penitet
883 2697 924 2737 ee
942 2676 1028 2734 roae

164 2763 290 2820 munium
300 2761 495 2836 peecatorum?
505 2767 541 2825 Et
554 2765 639 2824 nullo
652 2762 711 2826 aiio
728 2760 818 2819 verbo
832 2757 1021 2834 interposito,

163 2844 386 2904 absolutionem
401 2844 443 2901 eis
461 2844 656 2924 elarginntur.
681 2841 769 2901 ttiud
784 2843 854 2907 sani
869 2847 914 2896 est
927 2835 1023 2894 bono·

163 2945 230 2986 rum
246 2924 508 2986 confessariorum
520 2929 712 2992 institutum3
728 2921 759 2979 hi
770 2922 850 2978 enim
871 2917 902 2974 in
919 2915 1024 2996 primis

162 3005 318 3068 eiaborant
332 3015 365 3064 ut
376 3007 556 3086 poenitentes
573 3007 689 3088 (sermo
702 3012 748 3062 est
761 3000 796 3058 de
807 2999 845 3057 iis
863 2997 914 3073 qui
928 2995 1025 3056 letha·

161 3087 238 3148 iihus
262 3085 425 3166 tenentur)
450 3107 555 3148 rerum
582 3087 719 3146 dotorem
739 3093 772 3143 et
795 3078 1024 3140 detestationem

160 3233 1018 3267 mum—m

167 3349 306 3474 Πέῗωθίι.
325 3367 396 3404 naon.
407 3351 468 3407 ert.
484 3369 508 3404 ν.
524 3346 626 3417 Excipe
639 3348 754 3403 tameat
771 3339 907 3413 -ostltt
928 3336 989 3392 61¹6.
1001 3355 1024 3388 r.
