2438 3916
198 145 201 154 ,
288 131 296 166 ¹.
334 75 405 154 Cap.
424 72 630 156 &DeSigillo
646 71 850 164 θοιιῖαεεὶὸηίςοἵ
964 85 1020 162 ²57

158 179 400 265 mpritlanegano
410 175 516 254 Lego,
532 173 634 234 Scnrh.
652 175 743 236 Ronc.
760 177 854 238 Sctm.
870 179 1019 257 Macron,

156 273 215 322 ato.
227 259 297 336 quia
308 267 381 316 tunc
391 273 511 335 semper
525 257 687 328 intervenit
700 258 843 318 revelatio
856 261 1018 332 indirecta,
1043 301 1050 336 2

155 342 245 414 dum,
260 338 370 404 talibus
381 337 612 396 circumstantiis
626 340 825 416 positis,uon
839 345 955 400 tantum
970 362 1019 402 re-
1091 381 1097 394 -

157 418 451 488 velaturcnnlessio,
465 417 518 476 sed
528 415 672 480 indirecte
683 421 773 476 ctiam
782 431 1020 498 peccatumcon-

156 501 291 576 fessum,
302 509 355 558 aut
373 498 478 558 saltem
493 497 643 575 praebetur
655 499 839 558 rationabilis
855 503 995 580 suspicio.
1058 503 1061 512 ’
1078 551 1081 558 ,

200 579 267 640 162.
280 613 320 634 -.
331 580 525 654 Quaeritur'a'.
533 583 652 714 pnsum
664 581 875 654 Confessarius¹
888 585 1020 659 requisi·

84 699 90 706 ·
156 673 204 720 tus
217 671 262 722 est
272 660 309 720 de
323 657 462 733 schedula
474 675 530 716 con
546 660 671 717 essionis
680 663 791 738 ,possit
800 662 1018 742 camexhibere

75 781 79 786 -
133 775 138 782 ·
157 743 312 822 poeniteuti
327 749 386 798 nott
402 737 566 826 absoluto?
581 739 713 798 Diversae
728 741 1015 818 adsuntsententiae,

149 821 217 882 sed.
228 821 422 886 communior
451 828 482 876 et
503 816 687 896 probabilior
707 840 777 879 cum
797 823 902 899 haym:
925 822 1014 884 Roas.

4 901 8 912 '
27 915 30 922 ·
53 957 57 966 ,
158 900 267 974 Graio,
288 901 372 977 Spar.
389 899 486 966 Elhci.
501 897 642 970 Holzm„
656 910 717 958 ete.
736 900 851 979 (contra
873 904 969 964 Bonae
990 913 1018 962 et

46 1051 53 1060 .
157 979 308 1060 Lego)ita
320 982 511 1058 distinguunt
526 978 585 1039 :'Si
600 979 741 1039 schedula
755 982 888 1059 loquitur
902 985 938 1042 de
954 987 1016 1044 sola

157 1063 365 1131 confessione,
377 1060 428 1131 illa
443 1077 503 1118 non
518 1058 607 1119 debet
621 1063 723 1138 negari
736 1079 744 1130 ;
768 1065 837 1139 quia
853 1065 877 1122 ai
890 1082 1017 1142 negare-

157 1153 222 1211 tur,
234 1161 271 1200 ex
282 1149 433 1220 unaparte
442 1139 1015 1223 revelareturpoeniteathindispositio;
1071 1163 1076 1170 ·

156 1241 193 1282 ex
207 1223 281 1294 arlia,
298 1224 323 1280 si
337 1221 574 1294 concederetur,
590 1235 650 1280 non
665 1222 725 1296 jain
737 1224 947 1284 testificaretur
961 1226 1016 1284 ah-

157 1303 363 1375 solutiodata,
374 1302 433 1370 ,sed
446 1304 720 1368 mntdmconlmsio
733 1303 806 1376 lama
821 1320 887 1380 quoe
897 1306 956 1380 jam
966 1326 1016 1365 rc·

157 1401 229 1442 vcra
240 1385 314 1442 facta
325 1393 380 1441 est.
396 1383 599 1455 Secdsautem
611 1424 620 1454 ,
634 1383 658 1440 si
672 1384 880 1443 Confessarins
892 1385 1016 1446 deberet

156 1465 285 1525 scrihere
303 1462 504 1534 schedulam,
523 1464 604 1541 quod
619 1464 764 1540 poenitens
782 1467 822 1523 sit
836 1465 1012 1537 absolutus3

155 1544 224 1622 quia
244 1557 316 1604 tunc
336 1562 396 1603 uon
426 1543 525 1602 obstet
551 1544 701 1622 sigillum,
726 1550 796 1602 crim
823 1547 1015 1606 mendacium

154 1626 236 1703 juxta
260 1643 365 1684 omnes
379 1625 418 1682 sit
429 1625 589 1706 intrinsece
602 1624 715 1682 malum
732 1663 741 1696 ,
757 1635 787 1682 ct
801 1626 830 1682 in
846 1626 929 1684 nullo
944 1645 1015 1692 casn
1095 1695 1098 1700 Ι

156 1705 317 1766 dicendum
331 1716 384 1762 est.
403 1705 541 1764 Attamen
557 1706 581 1762 si
598 1704 748 1762 schedulae
762 1715 861 1764 esseut
879 1705 938 1779 jam
953 1709 1014 1768 irn-

156 1803 281 1864 pressae,
295 1795 324 1843 ct
336 1786 374 1843 ibi
390 1796 571 1843 assereretur
582 1787 671 1843 etiam
683 1785 830 1843 absolutio
840 1785 905 1842 duta
921 1783 1015 1864 (quod

156 1869 172 1923 ai
198 1867 329 1924 l‘raelatis
344 1867 477 1945 permitti
496 1881 650 1943 uunquam
674 1864 807 1945 deberet)
822 1907 831 1938 ,
846 1877 918 1926 tunc
940 1865 1013 1926 mihi

155 1947 274 2006 ridetur
292 1946 447 2026 probabile
461 1962 531 2006 cum
546 1947 611 2008 aliis
627 1947 717 2027 (quos
735 1945 911 2026 consului),
932 1947 1013 2006 licite

155 2046 242 2106 posse
254 2047 320 2088 eom
332 2028 459 2108 praeberi
471 2030 562 2088 etiarn
575 2047 634 2088 non
650 2029 811 2101 abso-lutis,
824 2029 930 2090 saltem
942 2032 1013 2086 edm

156 2107 251 2186 polim
263 2108 330 2168 eain
345 2120 469 2186 petunt,
484 2111 553 2188 quio
565 2112 861 2186 tunossoufessariu‘s
874 2128 929 2168 nec
941 2109 1013 2168 dicit

155 2207 209 2248 noc
220 2190 321 2248 scribit
331 2189 453 2269 aliquod
468 2191 682 2264 mandacium,
698 2193 749 2252 sed
761 2198 876 2254 tanturn
893 2191 963 2248 lacit
974 2188 1012 2256 il-

155 2269 213 2328 lam
228 2272 377 2332 actionem
391 2271 545 2351 praebendi
563 2271 758 2346 schedulam,
780 2291 869 2352 quarn
885 2281 1013 2336 caetcro-
1087 2307 1095 2321 ·

154 2353 225 2426 quin
241 2369 349 2430 negare
368 2371 429 2411 non
449 2361 566 2427 potest,
582 2354 654 2426 quin
668 2353 836 2428 poenitentis
850 2352 1014 2432 indisposi-¹

155 2434 267 2490 tionem
278 2433 448 2490 manifestet
458 2427 516 2503 (a).
620 2443 623 2449 ’
795 2483 799 2486 ,

197 2510 264 2569 163.
274 2545 314 2556 -
325 2511 478 2585 Quaeritur
489 2505 518 2560 3.
537 2521 573 2584 au
588 2503 795 2564 Confessarius
812 2508 905 2588 possit
920 2508 1015 2566 vitare

108 2639 111 2642 .
153 2592 349 2669 poenitentem
370 2590 422 2666 qui
434 2587 462 2644 ei
477 2584 609 2642 minatur
624 2593 751 2640 mortem
764 2625 776 2654 ‚
796 2589 833 2646 oh
848 2582 1013 2654 absolutio-

154 2685 225 2726 nem
243 2685 310 2744 quoe
328 2669 356 2724 ei
372 2668 559 2743 denegator?
576 2664 784 2741 [despondetur
797 2686 867 2727 cum
888 2670 970 2747 hugo
983 2678 1012 2726 ct

152 2747 241 2808 Reno.
258 2747 340 2824 quod
353 2745 428 2804 bene
440 2745 581 2826 potestab
594 2765 630 2803 eo
642 2745 802 2823 aufugere,
819 2750 936 2824 quoties
950 2765 1014 2808 nou

152 2829 242 2888 datur
254 2829 318 2886 aliis
330 2828 460 2906 suspicio
473 2826 626 2904 denegatae
637 2823 833 2884 absolutionis
847 2845 856 2898 ;
873 2846 941 2885 nam
954 2828 1016 2888 illae'

152 2913 243 2988 minae
259 2909 396 2986 jamnon
414 2921 485 2969 sunt
504 2908 671 2978 consessio,
685 2917 737 2964 aut
753 2917 874 2985 peecata
897 2921 1013 2967 narrata

153 2990 184 3048 iu
199 2992 402 3062 confessione,
419 2991 471 3049 sed
484 3001 552 3048 sunt
561 2988 1013 3068 peecatacommissaintrncon-

156 3068 325 3130 laesionem.
341 3072 432 3148 Qubd
443 3074 467 3130 si
483 3091 543 3130 uon
559 3079 660 3148 posset
671 3070 815 3146 aufugere
827 3067 898 3144 quin
913 3067 1013 3145 suspi-

154 3147 272 3208 cionem
285 3153 371 3210 istam
384 3154 518 3230 ingerat,
531 3162 603 3208 tunc
617 3167 670 3228 pro
687 3149 873 3209 absolutione
888 3148 1013 3206 recitare

154 3235 250 3306 potest
258 3229 574 3308 aliquamorationem.
588 3231 649 3289 Nec
658 3227 947 3307 obstatdicercqnbd
958 3228 1013 3285 ista

187 3396 225 3460 (a)
239 3393 295 3452 Lib.
305 3397 332 3451 6.
344 3415 413 3451 cunr.
423 3400 487 3468 639.
