2406 3936
27 1 161 28 'ua‘

240 122 311 196 Cup.
331 141 358 180 2.
372 119 474 178 Petraei.
490 141 517 197 7.
532 119 575 178 De
587 121 667 195 Diep.
681 140 765 194 super
773 123 856 198 Imp»,¹
915 125 981 204 57¹9

114 219 296 298 positionem
313 219 404 296 exigit
421 215 474 296 (a).
492 219 591 297 Sectis
607 220 679 276 vero
694 219 718 276 si
732 231 797 276 rem
811 219 899 278 habet
910 223 978 298 p'ost

115 299 345 375 dispensationis
365 299 604 370 exsecutionem,
623 308 655 356 ut
668 297 862 377 prebab‘diter
876 301 980 376 dioupt

114 379 217 458 Lago,
242 379 386 451 Sancte,
408 375 504 456 Cojet.
530 379 613 436 Arm.
639 390 669 437 et
688 378 719 436 V
721 398 790 458 ega,
817 375 982 455 quiatuno

115 465 255 518 exsecuta
278 461 520 539 dispensatione,
545 469 575 517 et
590 459 686 530 ablata
700 460 902 540 prohibitione
914 461 980 520 Ma*

113 541 267 613 trimonii,
283 541 378 598 cessat
393 540 483 597 etiam
498 539 610 598 malitia
624 541 766 600 incestos.
781 544 858 600 Itern
873 540 978 615 siquis

114 622 189 698 petit
202 619 363 679 secundam
381 619 651 698 dispensationem,
664 635 823 700 postquam
831 620 977 681 obtinue-

4 761 5 772 χ
115 701 153 756 rit
167 701 294 780 primam
318 719 408 782 snper
428 700 682 774 eedemdeiicto,
702 703 791 760 debet
808 702 976 778 exprimere

4 837 7 852 ¹
112 780 243 859 primam
255 797 263 850 ;
279 788 363 840 sectis
373 781 467 849 verb‘,
484 781 509 840 si
523 779 775 858 impedimentum
787 800 848 840 nen
860 794 974 860 provee

116 861 161 916 uit
175 862 322 939 exaliqua
338 863 483 934 crimine,
504 861 551 918 rel
574 880 611 918 ex
631 864 756 921 erimine
777 865 915 932 diverso,
931 862 985 918 uti·
1009 905 1014 912 .

4 989 7 1016 ,
115 943 317 1000 communiter
332 941 470 1001 Cantetur.
489 940 574 999 Acer.
589 939 680 999 Satm.
701 954 731 1002 et
753 935 838 1002 Cone.
861 939 913 1020 (b).

97 1047 104 1059 .
156 1019 436 1102 86.-Explieandi
452 1031 521 1080 sunt
540 1017 570 1078 3.
594 1038 699 1081 omnes
717 1026 825 1101 gradus
845 1027 974 1081 censan-

117 1103 288 1177 'guiuitatis‚
315 1114 366 1161 aut
392 1103 544 1162 affinitatis
570 1102 677 1178 quibus
700 1105 801 1183 sponsi
822 1099 979 1178 conjuncti

116 1191 203 1253 sunt,
218 1192 279 1241 tam
294 1184 400 1260 'gradus
414 1182 581 1261 proximior
593 1186 681 1258 qudm
696 1185 841 1243 remotior
855 1203 861 1240 z
874 1201 905 1240 r.
923 1199 972 1258 g»,
1043 1233 1058 1256 ,.

117 1261 141 1317 si
164 1263 318 1340 conjuncti
342 1275 441 1323 essent
468 1265 499 1320 in
525 1263 674 1333 secunde,
698 1274 727 1321 et
738 1262 851 1341 bertin,
875 1259 975 1320 autin

116 1343 204 1401 tertio
217 1353 248 1402 et.
260 1355 383 1419 quarto,
399 1357 433 1404 ut
446 1342 649 1404 communiter
667 1343 875 1401 dieuntPonc.
900 1339 972 1398 Silua

115 1418 206 1479 Satm.
232 1422 363 1497 Toum,
387 1434 465 1495 etc.;
483 1440 552 1482 nam
576 1422 835 1502 etsidispensatio
855 1425 974 1478 tantum

115 1503 274 1579 requiritur
295 1524 348 1586 pro
369 1505 461 1584 gradu
481 1505 660 1574 remotiore,
675 1515 803 1562 attamen
816 1505 849 1561 S.
865 1503 936 1560 Pius
950 1499 971 1554 t

115 1583 146 1640 in
162 1603 216 1643 sue
232 1597 315 1644 motu
336 1587 459 1665 proprio
480 1583 679 1644 Sanctissimae
695 1583 856 1641 declaravit
872 1583 970 1658 quod,

116 1663 236 1724 obtenta
249 1667 470 1746 dispensatione
486 1685 574 1745 super
589 1663 680 1746 gradu
696 1665 875 1730 remotiore,
890 1662 972 1719 nulia

114 1747 269 1804 mentione
278 1749 351 1806 faeti
364 1743 776 1827 proximioris‚fimpetrandee
787 1752 857 1800 sunt
865 1741 971 1797 litterae

116 1824 316 1885 declarator-ia
332 1847 421 1908 super
434 1829 626 1907 proximiore.
646 1827 701 1883 Hae
717 1822 932 1882 tameniitterae
947 1820 972 1877 si

116 1921 178 1963 uon
190 1907 398 1982 expediantur,
408 1907 699 1968 Matrimoniumerit
710 1905 811 1981 utique
826 1901 969 1969 validum,

118 1984 169 2043 sed
202 1985 338 2047 illicitum
366 1988 428 2069 (uti
460 1989 621 2050 declaravit
640 1986 815 2046 Benedictus
840 1983 906 2044 ΧΠ
941 1981 999 2037 in-

115 2063 200 2125 brevi
223 2068 311 2128 allato
330 2089 358 2128 a.
375 2069 423 2128 85.
443 2070 512 2128 Etsi
527 2069 759 2136 matrimonialis,
777 2083 847 2126 eum
862 2065 976 2123 inserte

116 2145 253 2218 decreto,
272 2147 348 2208 Cdm
359 2169 458 2226 super,
475 2151 557 2232 36„
570 2155 701 2212 referens
716 2152 806 2209 etiam
826 2150 868 2208 sie
887 2145 974 2206 deei-

116 2245 182 2285 sum
196 2231 287 2289 fuisse
299 2235 315 2290 a
329 2233 359 2293 S.
372 2235 407 2294 t„
423 2235 467 2293 18.
478 2237 577 2297 Martii
590 2233 706 2315 rpem),
717 2226 971 2306 modbeonjuncti

115 2326 176 2366 uon
192 2312 250 2369 sint
267 2313 298 2370 in
316 2315 414 2392 prime
435 2324 465 2372 et
484 2319 615 2376 seeundo
635 2312 901 2393 consanguinitatis
920 2317 975 2366 aut.

115 2387 265 2450 affinitatis
280 2395 391 2470 gradu,
404 2396 434 2450 in
451 2413 527 2466 quo,
547 2397 623 2451 sicut
637 2398 728 2450 reiert
744 2393 856 2452 ibidem
872 2395 976 2450 Renes

113 2471 225 2542 dietus,
242 2481 422 2548 protestatus
438 2471 493 2524 init
505 2473 535 2528 S.
554 2472 639 2540 Pius,
651 2471 769 2526 seneida
782 2470 970 2544 dispensare,

113 2548 170 2608 nisi
186 2565 344 2626 expressus
358 2549 396 2604 sit
407 2547 499 2603 etiam
512 2549 627 2624 primus
637 2547 755 2621 gradus.
768 2549 846 2603 Item
863 2556 971 2604 noten—

114 2631 186 2686 dum
201 2627 298 2702 qubd,
315 2629 339 2683 si
353 2627 429 2683 sorte
441 2643 528 2682 causa
539 2624 766 2702 dispensationis
782 2633 893 2696 cesset,
903 2633 971 2691 ante
1066 2639 1068 2644 ·

114 2707 181 2781 ejus
196 2703 438 2783 expeditionem,
453 2715 503 2762 aut
518 2705 758 2776 exsecutionem,
776 2706 970 2764 cessatetiam

112 2787 306 2867 dispensatio.
325 2786 418 2846 Sectis
440 2795 540 2845 autem
553 2787 577 2844 si
599 2795 694 2844 cessat
713 2795 781 2864 post
801 2786 975 2844 exsecutio-

114 2885 202 2942 nem,
219 2865 288 2926 iicet
303 2867 417 2947 nuptiae
433 2864 528 2927 adbuc
549 2866 705 2946 celebrate
724 2883 787 2924 non
803 2865 882 2933 sint,
904 2866 972 2942 quia

111 2961 185 3008 tune
199 2951 260 3026 jam
271 2947 422 3008 sublatum
435 2959 479 3006 est
489 2947 747 3028 impedimentum.
757 2948 804 3004 lta
819 2947 889 3002 satis
902 2962 971 3022 pro-

112 3029 251 3089 babiliter
270 3032 359 3089 Pone.
373 3027 462 3088 Suar.'
477 3028 574 3088 Cortr.
589 3028 681 3086 Satm.
695 3028 780 3098 Sita,
793 3036 850 3086 ete.
865 3035 971 3083 eontra

114 3107 219 3166 Sancta.
238 3119 268 3168 et
278 3111 387 3171 Dicest.
403 3112 454 3190 qui
467 3120 568 3170 tamen
578 3109 635 3170 hoo
646 3111 689 3168 uti
704 3107 857 3190 probabile
876 3108 967 3165 etiam

114 3185 275 3248 admittunt
292 3189 303 3268 (
319 3191 342 3270 ).

151 3428 189 3494 (a)
205 3426 244 3483 tt.
265 3430 341 3493 ntr·
354 3458 384 3472 -
398 3431 436 3497 u)
449 3431 486 3484 rr.
504 3433 579 3498 1157.
592 3433 671 3494 ..ru
686 3428 753 3480 rtet.
