2406 3936
313 115 321 123 ⁴
377 91 450 175 nas.
466 103 494 160 o.
513 102 558 161 ne
571 84 711 166 orento.
910 118 982 180 oes-

438 230 569 334 -cnPtJT
590 278 650 336 ΙΙΙ.
756 336 762 346 ,

349 405 355 410 ’
438 419 484 477 De
505 419 646 482 divortio.

113 549 159 607 De
174 546 293 606 divortio
306 545 398 620 quood
420 536 591 618 vinculum,
608 567 656 626 90.
685 550 789 623 Quoad
810 559 927 618 losum:
942 564 971 612 et

11 625 13 642 ⁵
154 636 223 704 quot
236 625 326 696 oensis
345 632 435 695 potest
447 627 512 698 fieri
525 628 684 687 diuortium.
707 633 731 688 Ι.
753 631 848 691 Consu
864 636 966 692 delicti.

11 701 12 710 ¹
112 713 120 723 '
153 711 199 767 ΙΙ.
211 705 318 765 Morbi.
333 703 573 778 HLConoensus,
589 728 639 788 9¹·
657 710 707 769 IV.
725 711 966 788 Timoris‘demnr'.

137 789 189 844 .V.
218 786 381 860 Antenorei,
414 805 463 863 92.
492 785 551 846 Sed
577 795 602 849 s,
623 790 778 868 requiritur·
800 796 970 854 adulterium

153 866 288 943 resectum
306 876 460 926 etcertum.
476 869 569 930 nnn
584 879 710 930 tenentur
724 875 831 952 conjno
843 878 875 933 'se
890 889 968 951 sepo‘·

154 967 242 1017 rore,
263 948 312 1027 95.
329 948 421 1006 (lasus
439 947 469 1004 in
489 949 587 1026 quibus
611 972 666 1010 non
682 961 772 1028 potest
795 945 921 1031 seperari
937 955 971 1012 ob

155 1030 301 1099 adultero,
313 1031 362 1108 94.
379 1029 425 1095 De
429 1029 494 1103 jure
508 1034 652 1090 revocandi
662 1035 838 1106 eduliorum,
854 1035 905 1114 95.
921 1036 971 1092 An

128 1173 131 1182 .
151 1109 240 1184 possit
259 1106 370 1184 proprii
388 1111 571 1188 osreloril'ate,
594 1113 643 1191 96.
663 1114 752 1174 Facto
771 1117 888 1175 divortio
909 1117 970 1192 quit

155 1189 306 1266 conjugum
314 1196 407 1264 potest
418 1190 581 1268 religionem
592 1193 718 1273 ingredi,
736 1215 785 1274 97.
861 1215 864 1222 ’

153 1339 259 1398 9ο.-
273 1321 440 1380 Dsronssnss
468 1321 608 1382 hilarium
633 1341 705 1382 esse.
728 1336 843 1403 potest,
870 1327 968 1402 quood

112 1402 287 1472 uinculum,
303 1412 333 1460 et
353 1402 452 1478 quoad
465 1413 580 1461 torum:
597 1404 768 1462 Disertium
785 1407 884 1481 quoad
903 1408 969 1464 sin-

42 1519 45 1525 ,
110 1482 217 1540 nulum
227 1482 320 1540 tribus
331 1489 450 1540 tontum
460 1482 579 1542 ensibus
599 1484 661 1541 dori
676 1495 784 1564 potest.
802 1505 828 1543 s.
846 1487 877 1544 Si
895 1487 970 1545 alter

11 1605 12 1614 .
112 1563 277 1642 conjugum
291 1565 430 1621 moritur.
447 1581 477 1620 n.
495 1565 526 1622 si
541 1565 670 1622 duorum
688 1566 850 1642 coniugum
862 1567 970 1624 infide·

11 1675 12 1698 r
114 1643 208 1714 lium,
221 1644 294 1701 nites
307 1643 345 1702 ed
359 1643 449 1701 fidem
463 1647 665 1716 convestitus,
682 1645 788 1702 saltem
802 1648 826 1702 si
841 1646 967 1704 infidelis

11 1761 12 1788 2
112 1725 343 1784 sianseotosis
354 1725 464 1799 injurie
478 1725 599 1804 pneifiob
613 1724 782 1784 cohabitare
807 1727 918 1784 senuit.
939 1725 969 1782 5.

11 1861 12 1866 ,
114 1805 150 1862 Si
175 1813 331 1880 antequem
363 1816 591 1864 consummetur
621 1805 864 1876 Matrimonium,
890 1805 970 1863 intro

117 1883 249 1964 primum
263 1882 403 1943 bimestre
418 1887 454 1944 od
466 1884 545 1944 hune
560 1887 652 1944 finem
666 1889 681 1944 b
694 1885 967 1964 lege'eoneessum‚

11 2005 13 2020 .
114 1963 193 2022 ‘nites
205 1964 410 2041 ingrederetur
422 1965 608 2048 religionem.
627 1969 732 2044 Itaque
743 1968 822 2026 inter
837 1965 972 2025 infideles

12 2105 13 2116 ,
117 2045 343 2104 Matrimonium
364 2045 432 2105 lieet
445 2049 483 2106 sit
507 2049 652 2119 validum,
668 2067 728 2108 non
744 2059 846 2106 temen
866 2047 971 2106 estin-

112 2123 308 2195 ·dissolnbile3
326 2134 397 2186 tune
410 2128 657 2188 indissolubilem
671 2136 741 2189 eum
759 2127 971 2207 utesqoeleon-

12 2247 13 2262 .
113 2207 167 2281 jux
181 2206 217 2266 od
231 2206 320 2264 tidem
332 2212 532 2284 convestitus,
547 2212 639 2270 modb
659 2211 733 2270 illud
757 2218 971 2271 consumment

12 2343 14 2350 ,
114 2297 185 2365 post
203 2289 448 2360 consessionem,
474 2292 560 2350 alites
576 2295 655 2370 Papa
670 2295 701 2351 in
720 2290 905 2371 aliquo(to(l
918 2309 984 2348 us-.

115 2365 308 2445 gentissinsof)
322 2385 392 2424 essu
404 2371 494 2425 etiam
506 2371 867 2444 illudpotestdissolvese.
879 2369 970 2445 Quod

12 2491 13 2524 3
113 2449 267 2505 sitantum
281 2446 567 2513 slteroousestitus‚
585 2445 707 2503 hicnon
725 2458 824 2520 potest
843 2449 881 2503 od
897 2449 969 2506 olins

111 2528 235 2607 nuptias
247 2523 395 2592 transire,
421 2521 479 2578 nisi
498 2523 529 2577 in
543 2537 611 2576 essu
630 2519 684 2596 (ut
704 2522 818 2580 dietum
833 2521 897 2599 est)
911 2543 971 2599 quo

113 2605 191 2662 alter
199 2619 260 2658 non
271 2597 512 2658 conressusrelit
529 2598 671 2658 indueere
682 2603 972 2680 euminpeoestum,

109 2693 145 2742 et
157 2676 434 2738 senuitoohobitnse
443 2679 506 2737 sinb
517 2678 701 2738 contumelia
710 2679 803 2742 divini
815 2675 970 2758 Nominis,

112 2772 149 2822 ut
162 2759 341 2840 exprimitur
353 2759 384 2818 in
407 2777 463 2836 sap.
488 2758 627 2834 Quando,
647 2761 681 2819 de
704 2758 816 2820 Divert.
842 2765 909 2824 Iloo
931 2765 972 2823 ita

109 2853 179 2904 esst
193 2839 345 2921 psimaesis
358 2841 563 2921 temporibus,
580 2842 656 2900 sieut
670 2842 787 2922 scripsit
802 2844 969 2920 Apostolus,
1066 2840 1075 2853 '

117 2943 146 2981 ι.
161 2921 230 2982 Cor.
248 2943 292 2999 7.‚
312 2939 350 2980 ex
364 2939 400 2981 eo
420 2923 489 2999 quin
513 2932 585 2980 tuso
602 2923 748 3002 temporis
773 2921 812 2981 ob
829 2921 973 2980 miracula

109 3001 968 3097 qnaessspbsaepiusfidelesopernbontus,multiinfideles

113 3083 152 3142 sd
163 3083 253 3146 tidem
265 3084 443 3154 veniebant3
460 3083 511 3142 sed
522 3081 636 3156 bodie,
656 3084 716 3160 jem
734 3083 856 3142 cessetis
875 3101 970 3140 mssa-

16 3213 21 3226 ,
110 3158 191 3218 eolis
202 3163 242 3236 ito
256 3163 523 3240 frequentioribus,
539 3165 619 3222 sueti
640 3164 743 3223 dieunt
758 3161 861 3223 Sanels.
878 3162 968 3224 Pone.

117 3239 228 3300 Tourn.
255 3239 344 3302 Cone.
365 3243 472 3313 Snlm.,
500 3252 572 3315 eto,
587 3261 656 3304 oum
674 3245 891 3315 communiori,
906 3261 967 3304 non

113 3321 347 3402 licerenmplibs
364 3343 433 3384 eum
453 3323 579 3402 conjoge
594 3323 708 3384 infideli
724 3325 911 3396 cohabitare,
930 3323 968 3382 oh

114 3403 316 3481 possessionis
330 3402 516 3484 perieulum
537 3423 627 3481 quase
648 3405 703 3466 hle
720 3411 820 3466 nonsit
840 3417 970 3486 temper·
