2406 3936
203 91 275 166 Cop'.
294 109 321 148 a.
342 89 443 161 Ponet.
460 85 490 144 5.
506 86 550 144 De
562 85 773 162 impedimentis
783 89 877 148 dirim.
908 86 967 158 565

110 183 201 255 hero;
225 187 276 245 sed
301 195 462 260 antequam
488 183 524 240 de
550 201 586 242 eo
608 193 739 257 constet,
766 203 826 243 non
844 196 970 264 possunt
1070 239 1074 248 ,

96 268 339 330 Matrimonium
363 281 581 322 consummare.
606 264 717 325 Puettae
740 267 809 325 terh
828 267 969 344 expositae

111 367 178 422 quae
192 349 223 404 io
236 345 466 406 conservatoriis
477 354 650 417 versantur,
667 343 841 404 contrahere
861 346 972 403 dehent

5 479 6 488 ,
113 445 212 484 eoram
238 425 372 484 Paroeho
387 423 636 502 ipsiusmetloei,
654 427 698 485 uti
712 425 871 492 declaravit
883 425 968 496 84].

114 509 150 564 lit
166 507 253 579 idern«
263 507 335 564 dicit
351 503 529 564 Lambertr'ni
547 523 584 561 ex
606 505 728 582 antiqua
754 505 970 576 consuetudine

115 605 181 662 quae
196 587 293 658 adest,
310 585 347 647 de
363 585 419 644 iilis
437 583 545 662 puellis
560 588 626 660 duae
642 587 745 642 vitient
766 587 795 643 in
811 603 973 644 conserva-

115 668 216 736 toriis,
230 666 366 743 aquibus
380 664 503 724 aluntur
523 673 552 722 et
575 663 731 739 dotantur}
755 667 806 724 sed
834 667 891 726 illae
906 683 972 742 quae

115 747 158 806 ibi
181 747 347 808 educantur
370 745 482 806 debent
505 743 680 807 contrahere
709 764 808 804 eoram
839 745 971 804 Parooho

117 826 262 884 domicilii
274 827 409 904 paterni,
430 824 576 903 materni,
597 835 648 882 aut
668 825 808 895 fraterni,
829 827 852 884 si
873 826 972 899 adest,

117 905 249 982 alioquin
264 924 366 965 eoram
380 903 514 964 Perocho
529 902 586 960 leci
597 907 827 975 ‹ronservatorii3
845 917 874 964 et
886 902 974 965 vidern

116 985 221 1046 dieunt
232 988 268 1046 de
282 985 402 1048 famulis
412 985 467 1061 ,qui
482 983 564 1040 domi
582 983 775 1050 dominorum
791 987 896 1045 vivunt
915 983 970 1064 (a).

118 1069 267 1124 Praeterea
284 1066 361 1124 eirea
379 1064 569 1128 Matrimonia
586 1064 715 1122 militurn
740 1067 848 1125 adsunt
873 1066 976 1136 multae

9 1192 11 1206 ,
119 1146 210 1215 deeis.
228 1145 259 1203 S.
277 1147 315 1204 C.
332 1143 394 1222 (b),
409 1162 517 1223 nempe
533 1144 613 1225 qujhd
632 1163 692 1204 non
709 1157 835 1224 possunt
855 1155 976 1205 contra-

5 1273 12 1298 ,
120 1225 192 1285 here
205 1226 266 1284 sine
282 1225 433 1291 Poutitiois
447 1225 567 1290 lieentia
579 1241 678 1282 eoram
691 1226 844 1304 capellano
861 1237 976 1286 eastre·
1024 1234 1029 1245 ‘

120 1324 206 1377 rum,
222 1307 283 1364 site
299 1306 329 1363 in
348 1305 509 1384 presidiis,
528 1305 591 1362 sive
612 1305 643 1361 in
667 1305 842 1364 stationibus
859 1305 977 1374 hiema-

8 1437 12 1452 .
120 1385 213 1457 libus,
226 1397 276 1444 aut
287 1386 416 1458 esuris,
429 1396 458 1446 et
471 1403 509 1442 ae
530 1385 561 1442 in
577 1385 681 1444 eastris
697 1386 837 1461 quidem,
857 1385 976 1445 lieetin

5 1470 19 1514 -“
117 1466 292 1545 oppositum
321 1466 475 1527 inveniam
502 1465 582 1543 apud
596 1463 755 1524 Pittoniem
772 1463 809 1544 (a)
826 1467 977 1540 quoddam

121 1547 276 1610 decretum
294 1549 326 1608 S.
343 1549 379 1606 C.
398 1546 570 1610 ubidicitur
584 1545 665 1622 quhd
679 1547 735 1624 ipsi
746 1545 893 1624 eapellani
905 1565 978 1626 pos-

5 1683 12 1724 3
119 1636 190 1688 eunt
203 1629 340 1688 assistere
355 1625 554 1686 Matrimoniie
566 1624 714 1698 militum,
729 1630 799 1685 eum
815 1624 850 1688 ,hi
876 1628 905 1684 io
928 1644 978 1684 ae-

120 1708 194 1766 tuali
215 1708 403 1787 expeditione
417 1707 617 1786 reperiuntur.
633 1707 693 1766 Sed
710 1711 781 1764 oum
802 1715 871 1762 sunt
886 1708 979 1764 exteri

123 1804 242 1866 semper
258 1806 333 1865 opus
351 1787 462 1849 habent
480 1787 537 1846 lide
555 1804 680 1846 suorum
701 1785 921 1856 arthuariorum
940 1784 978 1844 de

122 1867 307 1926 statulibero
325 1865 380 1946 (cl)
688 1860 698 1875 ”
779 1933 784 1943 ‚
873 1885 881 1900 ·

163 1947 439 2022 yet—Notandum
461 1968 491 2025 7.
509 1948 545 2006 ad
565 1948 623 2008 hoe
641 1958 674 2008 ut
687 1947 913 2018 Matrimonium
940 1946 978 2005 sit

122 2027 273 2100 validum,
286 2031 447 2105 requiritur
458 2031 616 2106 presentia
631 2049 692 2090 aon
704 2033 821 2095 tantum
839 2029 987 2096 materia,

123 2107 175 2178 lis,
191 2109 349 2171 sedetiam
369 2111 491 2173 moralis
507 2111 630 2176 Parochi
645 2122 674 2171 et
691 2112 830 2186 testium,
851 2108 926 2166 adeo
947 2116 981 2166 ut

123 2187 291 2264 ipsitestari
310 2193 427 2267 possint
444 2203 507 2256 tam
520 2191 556 2251 de
570 2192 704 2271 personis
718 2188 979 2258 contrahentibus,

124 2271 213 2342 quim
237 2271 275 2329 de
301 2269 495 2334 Matrimonia
522 2285 694 2343 eontraeto;
722 2290 814 2350 quare
836 2273 915 2333 reete
942 2269 983 2326 ait
1023 2271 1027 2276 '

124 2346 244 2407 Pontius
262 2349 395 2430 (numm
415 2349 540 2424 Saura.)
559 2353 638 2425 apud
656 2351 748 2408 croto
765 2349 823 2426 (a),
848 2350 931 2424 qudd
958 2348 982 2406 si

125 2429 276 2493 Parnehus
288 2448 349 2490 nou
363 2429 441 2487 heae
456 2426 636 2500 intelligeret
653 2443 835 2489 eonsensum
846 2445 982 2502 sponso·

124 2527 191 2566 rum
201 2549 211 2579 ‚
230 2509 299 2583 quia
314 2509 389 2566 forte
402 2505 527 2562 alterius
541 2509 610 2560 sunt
631 2501 798 2572 idiomatis,
817 2519 881 2560 nun
901 2504 982 2572 sulli-

124 2590 166 2644 eit
194 2603 271 2646 unus
291 2586 435 2662 interpres
460 2579 512 2656 qui
533 2577 668 2636 affirmet.
698 2581 810 2640 Contra
832 2582 941 2642 suffieit
957 2585 983 2642 si

126 2661 278 2724 Paroohus
291 2662 433 2738 intelliffit
445 2663 552 2718 eorum
567 2675 766 2730 eonsensum,
780 2659 908 2722 lice-teos
921 2681 983 2730 neu

127 2740 227 2802 rideat
243 2740 355 2819 (mode
369 2760 474 2803 eorum
487 2757 576 2805 voees
587 2737 760 2816 dignoscat)
774 2780 783 2806 ‚
795 2741 900 2802 etlieist
909 2742 983 2802 nihil

126 2823 352 2904 ipseproleaat,
372 2833 407 2883 ut
426 2821 559 2883 decisum
582 2821 666 2890 affert
688 2819 844 2896 Euganeos
862 2825 877 2878 d
896 2823 926 2880 S.
945 2824 981 2882 C.

127 2917 159 2966 et
171 2915 204 2965 ut
216 2905 419 2968 communiter
431 2905 533 2966 dieunt
546 2903 624 2973 DD„
640 2900 825 2960 imdetiomsi
839 2902 869 2958 ri
883 2900 986 2962 deten-

129 2997 178 3048 tos
188 2987 226 3044 sit
235 2996 265 3044 et
275 2986 476 3056 contradicet,
494 2993 526 3042 ut
547 2983 749 3043 communiter
772 2981 860 3045 etiam
885 2980 989 3040 dieunt

129 3064 216 3126 dane.
231 3065 302 3125 aaa.
320 3065 438 3142 rictus,
449 3064 537 3128 Coae.
552 3062 705 3134 Bistonia„
718 3072 775 3124 eto.
793 3057 842 3140 (f)
851 3071 893 3133 ,et
902 3061 987 3140 jrura

169 3250 253 3318 (nu.
269 3225 747 3322 1091.-(s>Ap.r.zlc'.auerun
758 3250 990 3320 ronanam.

130 3319 359 3389 ..afferma
369 3321 755 3388 deMatr.rt.arr7.·-‘(ah.Vide
763 3321 950 3390 Opusnomn
964 3322 991 3372 6·

131 3413 159 3448 a.
179 3390 408 3462 tam-(estid.
418 3411 452 3462 ¹p.
463 3393 531 3456 §.aa
547 3391 816 3521 750.-(t)Ltb.166.
830 3408 856 3444 n.
872 3403 899 3442 n.
918 3408 994 3461 ²⁰9²·
