2406 3936
140 88 143 96 ¹
237 101 296 178 5βό
349 95 457 154 arat.
478 90 523 148 id.
532 90 578 176 De
589 89 768 164 Sacromoato
780 82 973 146 Matrimonii.
1057 67 1063 76 '

276 181 1102 272 87.-l>roetereanotandaesuutclausulae‚quaesolent

235 275 348 355 apponi
362 275 392 330 ia
404 269 627 348 dispensati-one
644 269 675 328 S.
691 265 934 326 Paenitentiariss,
956 265 983 322 Ι.
1003 263 1039 322 Si
1056 265 1103 321 ito

237 365 297 414 est:
314 351 496 430 ia'quolides
507 348 644 408 habenda
658 358 703 406 est
715 339 899 425 postulanti,
913 346 969 402 nisi
980 355 1103 402 constet

237 436 275 494 de
291 434 429 514 opposito
439 441 490 502 ,ut
502 431 605 488 dicunt
614 427 762 505 Sauciet
774 425 891 484 Galeas.
905 424 968 486 Sed
980 423 1027 482 hic
1043 425 1101 484 ad·

238 515 417 575 vertendum
437 531 461 570 ι.
484 509 680 570 Benedictum
695 510 764 567 XIV
776 509 806 566 in
818 507 901 566 hulla
916 505 1100 580 Apostolica,

239 595 294 654 sub
308 596 357 655 die
371 611 419 652 ao.
438 593 526 650 Mart.
544 591 618 666 1'742
627 629 637 662 ‚
650 589 816 650 declarasse
830 587 1054 666 expressionem
1068 597 1100 646 et

237 674 472 735 ratificationem
486 688 644 730 causarum
660 671 696 728 ad
715 669 946 748 dispensationis
963 666 1099 726 valorem

238 765 382 834 spectare.
396 754 428 812 si
437 763 537 812 autem
546 751 648 829 sponsi
657 750 728 808 laiso
738 749 944 827 exposuissent
950 765 1099 826 pauperes

237 853 321 905 esse,
335 844 366 892 ct
376 843 534 913 propterea
547 829 991 909 dispensatiocoacedareturio
1003 827 1101 902 [orosa

235 933 406 993 pauperum,
428 913 608 991 dispensatio
628 912 719 968 etiam
733 921 778 968 est
798 909 913 978 valida3
931 909 975 965 utl
995 908 1100 988 decla-

239 996 315 1055 rarit
335 995 368 1053 S.
390 995 528 1052 C.conc.
545 1009 574 1068 9.
596 991 751 1070 Septemb.
780 989 870 1067 1679.
891 988 971 1068 apud
989 987 1117 1056 Mosa,

237 1076 300 1136 ceta
325 1072 380 1154 (a)
405 1071 628 1132 Adverteadum
651 1091 684 1130 a.
701 1073 738 1130 ad
759 1069 993 1150 dispensandum
1006 1087 1098 1146 super

237 1169 308 1216 voto
333 1155 474 1213 castitatis
502 1153 563 1210 non
587 1149 725 1210 sufficere
751 1149 920 1231 simplicem
952 1151 1098 1208 tentatio·

238 1254 326 1306 nem,
367 1232 419 1292 sed
456 1233 566 1310 requiri
608 1231 819 1291 vehementem
848 1231 1098 1290 incontinenter:

239 1315 357 1374 etiamsi
368 1313 534 1392 periculum
550 1315 589 1371 sit
602 1315 691 1372 unius
705 1313 823 1391 lapsus,
839 1314 882 1370 uti
900 1313 976 1370 recte
991 1309 1099 1368 dicunt

238 1395 384 1468 Tourooty
397 1405 428 1454 et
441 1393 549 1452 Pontos
570 1391 611 1472 (b)
630 1436 637 1452 .
657 1396 698 1451 ΙΙ.
715 1393 827 1450 Audito
839 1394 918 1466 priris
934 1407 1097 1448 sacramen-

238 1475 290 1532 sati
302 1473 488 1548 consessions3
509 1475 590 1550 jussa
605 1475 694 1551 igitur
708 1473 784 1532 hano
796 1471 959 1532 clausulam
973 1488 1097 1530 necesse

238 1564 283 1612 est
303 1565 335 1612 ut
357 1554 509 1612 confessio
531 1555 697 1632 precedat,
718 1565 750 1612 ut
774 1553 985 1632 dispensationi
1009 1553 1099 1610 detur

237 1635 405 1706 exsecutio,
421 1643 453 1691 ut
471 1634 574 1694 dicunt
588 1634 697 1692 Teura.
714 1645 746 1694 et
764 1633 869 1694 Saactr.
892 1635 951 1693 111.
973 1631 1098 1690 Satura

234 1714 374 1776 ‘occasione
386 1715 532 1790 peccandi,
549 1714 726 1793 intelligitur
745 1714 770 1772 si
787 1716 902 1773 occasio
923 1726 967 1773 est
984 1716 1097 1773 volun-

238 1795 330 1866 taria,
360 1797 432 1872 quia
461 1798 486 1854 si
516 1805 595 1852 esset
623 1795 803 1866 necessario,
833 1795 941 1854 sufficit
974 1795 1025 1876 (ut
1053 1798 1097 1854 ait

238 1871 370 1954 Teura.)
387 1885 419 1936 ut
430 1875 528 1934 media
548 1874 697 1952 eligantur
712 1875 819 1952 quibus
837 1895 873 1934 ex
886 1879 1022 1954 proxima
1044 1877 1097 1935 fiat

238 1965 365 2013 remota.
383 1957 435 2014 lv,
452 1955 611 2014 Dummodo
632 1956 864 2031 impedimentum
873 1960 911 2013 sit
929 1961 1092 2016 occultum:

238 2035 357 2111 quaudo
377 2046 479 2095 autem
499 2035 751 2113 impedimentum
775 2037 943 2115 putandum
962 2049 1007 2097 est
1028 2055 1097 2096 esse

238 2114 409 2188 occultum,
436 2117 496 2192 jam
520 2115 700 2178 dictumest
723 2137 752 2174 o.
783 2117 831 2193 75.
860 2120 892 2176 V.
920 2118 1100 2196 injunctio·

237 2196 317 2274 gravi
328 2195 513 2272 penitentias
524 2194 656 2274 intellige
667 2198 751 2272 juxta
765 2199 843 2256 vires
856 2201 1044 2277 paenitentis,
1061 2211 1097 2257 ut

237 2279 318 2334 recti
337 2286 418 2334 nomt
436 2274 597 2351 Touracly,
614 2295 683 2334 cum
700 2276 846 2343 Tiburtis,
862 2277 934 2339 Nae.
954 2282 1005 2358 qui
1023 2281 1099 2338 dicit

237 2373 325 2434 posse
340 2357 454 2435 imponi
473 2366 507 2414 ut
520 2375 573 2434 per
587 2375 639 2415 sex
654 2376 771 2416 menses
789 2358 882 2418 semel
896 2361 1026 2437 jejunet,
1043 2372 1098 2418 aut

237 2446 282 2494 ter
301 2438 458 2495 Rosarium
483 2439 588 2496 recitet
603 2437 734 2515 qualibet
758 2437 945 2499 hebdomadi
966 2451 1018 2499 aut
1038 2441 1100 2498 ire-

238 2521 362 2594 quantet
375 2517 596 2577 confessionem
611 2519 721 2598 (quam
741 2530 816 2597 puto
836 2521 905 2581 satis
919 2539 983 2580 esse
997 2521 1098 2579 semel

238 2597 268 2652 iu
284 2595 426 2674 mense),
442 2609 473 2655 et
491 2597 675 2676 hujusmodi.
695 2599 784 2673 Quod
804 2600 829 2658 si
850 2619 998 2678 unquam,
1011 2601 1101 2659 addit

238 2671 401 2766 TWW‘ys
428 2681 575 2754 poenitens
599 2681 658 2756 jam
680 2677 811 2738 debitam
831 2699 884 2757 pro
901 2701 954 2741 suo
969 2692 1099 2760 peccato

236 2757 442 2832 poeniteutiam
468 2760 595 2838 egisset,
616 2768 715 2836 potest
733 2771 805 2819 tunc
829 2764 1003 2840 poenitentia
1025 2779 1102 2820 mo-

238 2835 333 2890 derari
343 2875 353 2908 ,
369 2837 461 2895 modo
472 2839 522 2895 itta
535 2857 595 2896 non
610 2840 648 2896 sit
669 2839 802 2914 injuncta
821 2845 836 2897 al
853 2843 1100 2914 Poenitcntlaria,
1170 2897 1171 2908 ,

237 2924 380 2992 tanquam
391 2919 597 2976 commutatio.
617 2919 668 2998 ll.
683 2919 873 2978 Praesentibus
889 2924 1032 2996 taceretis,
1047 2925 1104 2982 suo
1170 2911 1171 2953 t

233 3014 313 3069 pona
335 2996 623 3054 excommunicationis
650 3002 714 3058 tato
736 3002 889 3059 sententio.
913 3005 968 3062 flae
990 3004 1104 3064 litterae

239 3077 339 3150 statim
365 3077 529 3134 loceraudae
555 3087 645 3150 suut,
672 3080 725 3138 sed
755 3081 888 3160 intellige
922 3083 1102 3154 moraliter,

239 3173 348 3232 nempe
366 3157 443 3214 intra
456 3166 516 3216 tres
526 3157 589 3216 dies
600 3170 760 3236 postquam
772 3164 956 3221 exsecutioni
968 3164 1107 3222 deman-

236 3234 313 3292 datae
333 3246 420 3305 sunt;
441 3247 470 3294 ct
490 3238 623 3316 intellige
645 3241 670 3298 si
685 3243 913 3300 Matrimonium
934 3244 998 3320 jam
1022 3264 1107 3303 con·-

234 3347 1108 3378 —----.-...--....-............

271 3403 447 3470 (alMonacla
460 3418 555 3461 tomo.
569 3407 609 3460 tit.
626 3411 665 3464 16.
676 3409 928 3483 for·m.rr.33.-(b)
939 3414 981 3468 Ν.
996 3433 1044 3466 ιι.
1057 3419 1112 3482 45.
