2406 3936
232 111 295 202 Ι566
341 114 439 172 Troct.
465 112 510 169 18.
527 108 572 168 De
589 108 771 167 Sacramenta
785 107 977 168 Matrimonii.

235 211 377 272 erimardo
389 209 427 267 ob
440 205 650 265 testitudinem
668 207 805 278 feminae,
827 206 851 264 si
866 207 932 286 ipsa
949 225 1019 266 oum
1038 206 1099 264 alio

236 291 354 370 nuptias
369 290 471 360 iniret,
491 305 554 347 non
570 303 607 344 ex
626 305 662 346 eo
681 287 831 364 qubdxper
850 303 940 346 usum
963 287 1095 368 conjugii

237 381 304 450 apta
317 369 542 446 iactasitprimo
552 366 633 439 viro,
646 367 714 425 ideo
723 368 855 445 primum
869 368 1098 428 Matrimonium

236 450 370 510 validum
396 457 441 506 est
460 447 679 526 repausandum,
708 445 759 505 sed
778 447 808 504 id
834 444 1057 524 conjiciendum
1079 451 1097 504 a

238 529 431 591 similitudine
446 527 573 588 secundi.
584 528 639 584 viri
659 543 729 585 oum
744 528 858 605 primm
881 531 921 586 its
939 527 1097 606 (quicquid

239 613 288 670 alii
312 606 430 687 dicant)
446 610 525 668 reete
546 607 656 665 docent
673 607 713 664 D.
736 607 877 665 Antonin.
894 607 1000 667 Senot.
1022 607 1093 666 Sita.

240 693 319 768 Aug.
338 689 472 749 raam.
491 687 640 758 nunno,
659 697 715 746 cto.
735 687 829 764 quue
850 688 928 747 clare
946 687 1098 766 colligitur

240 773 316 831 exii.
335 789 392 845 cap.
408 768 626 839 maternitatis,
641 767 693 826 ubi
709 768 823 827 dictum
839 769 896 827 luit
917 770 986 828 ideo
1002 769 1098 825 teneri

239 851 398 912 mulierem
422 849 518 910 redire
550 847 587 906 sel
612 849 743 926 primum
773 850 888 921 virum,
907 849 970 906 arim
1002 857 1096 922 petest

244 927 478 1012 (verbotenus)
504 947 540 998 tro
552 933 614 1003 post
627 926 719 1002 sueto,
742 930 815 1006 quod
831 928 1020 1006 cognoscibilis
1040 937 1100 985 orat

239 1013 299 1080 ilii,
314 1011 393 1087 cnjus
407 1010 494 1068 simili
505 1007 696 1066 comotisootur
710 1007 765 1088 (ο).
781 1010 956 1068 Notandum
970 1009 1000 1066 5.
1017 1009 1098 1086 qubd

240 1099 310 1152 otim
325 1087 502 1168 impotentia
517 1100 562 1148 est
575 1099 675 1160 certa,
696 1107 758 1148 ηοη
782 1089 899 1166 estjam
921 1101 1099 1168 exspectan-

240 1173 313 1230 dum
326 1171 508 1239 triennium
523 1179 597 1230 tuno
609 1171 691 1228 enim
706 1169 807 1228 statim
818 1180 918 1249 potest
931 1169 1100 1248 slterapars
1172 1209 1173 1214 κ

240 1251 432 1330 alrimpedlts
457 1249 554 1308 libere.
563 1249 717 1308 discedere
730 1249 812 1329 (imo
826 1261 959 1319 tenetur,
976 1251 1000 1307 si
1022 1249 1101 1307 adsit

240 1332 408 1412 pendulum
421 1328 684 1406 incontinentia),
696 1341 726 1388 et
739 1332 776 1388 od
788 1331 859 1389 alias
875 1331 1101 1408 nuptiastrans-

239 1413 304 1483 ire,
336 1413 426 1470 etiam
450 1429 487 1469 ex
517 1411 634 1490 propria
661 1412 853 1482 auctoritate,
881 1412 904 1468 si
937 1426 999 1468 non
1025 1411 1102 1468 adsit

240 1491 549 1561 sandalumstvero
572 1489 664 1564 adsit,
697 1503 730 1548 ut
752 1492 954 1550 communiter
972 1491 1100 1562 accidit,

242 1573 330 1632 debet
344 1574 470 1631 omnino
484 1573 521 1629 ed
533 1571 663 1649 judicem
679 1571 914 1630 ecclesiasticum
926 1589 1101 1644 recurrere,

241 1664 270 1711 et
285 1653 537 1731 impedimentum
551 1650 677 1731 probare
694 1650 748 1730 (b).
773 1651 900 1724 Quando
920 1662 1022 1708 autem
1041 1653 1102 1709 im-

243 1736 376 1812 potentia
391 1743 436 1792 est
449 1733 558 1806 dabla,
579 1744 649 1790 tuno
660 1734 686 1790 si
699 1733 824 1790 dubiam
847 1733 1004 1790 antecessit
1021 1750 1103 1810 ntup-

241 1816 315 1886 t'tas,
330 1831 398 1892 pars
410 1811 549 1870 dubitans
564 1813 601 1870 de
610 1829 660 1869 sua
673 1815 805 1890 potentia
815 1811 965 1892 (intellige
973 1813 1103 1890 positive
1172 1839 1173 1872 t

243 1895 391 1971 exaliqua
416 1893 524 1951 indicio
545 1892 706 1972 probabili,
728 1911 790 1952 nun
815 1904 917 1952 antem
940 1893 1098 1972 negative,

241 1979 313 2031 adm
331 1973 479 2035 ordinarie
497 1975 622 2050 quisque
642 1971 748 2032 babilis
770 1971 978 2052 praesumitur)
997 1974 1104 2048 neqtrit
1172 1975 1173 1978 ’

244 2053 434 2126 contrahere,
448 2055 504 2112 nisi
524 2053 651 2112 dubium
672 2054 756 2112 alteri
773 2056 850 2134 parti
866 2055 1057 2122 manifestet,
1075 2064 1105 2111 et

244 2135 282 2192 sit
315 2136 419 2192 saltem
440 2134 637 2212 probabiliter
654 2145 778 2212 potens,
801 2145 834 2192 ut
854 2133 955 2192 dicunt
983 2133 1103 2191 Dieast.

243 2212 342 2286 Eitis,
361 2213 448 2273 Cord.
465 2225 495 2270 et
509 2213 540 2270 V
540 2216 585 2272 iao
609 2211 659 2292 (ο)
681 2216 713 2274 st
730 2229 833 2272 autem
852 2213 977 2273 dublum
994 2233 1108 2292 super-

189 2295 193 2303 '
242 2296 344 2354 veniat
358 2295 567 2363 Matrimonia,
582 2304 654 2352 tuuc
673 2295 760 2352 datur
774 2295 926 2352 triennalis
942 2295 1107 2372 experien-

242 2376 283 2432 tia
297 2373 383 2452 (ηοω
398 2375 502 2454 incipit
517 2378 533 2434 a
552 2373 660 2454 oopttla
682 2373 861 2454 intentata),
875 2385 905 2433 et
919 2375 1109 2452 experientia

242 2457 443 2534 permittitur,
464 2455 533 2516 licet
552 2456 696 2534 coujttges
717 2471 819 2513 semen
837 2453 907 2534 (sod
925 2465 1035 2531 praeter
1056 2457 1109 2512 in-

242 2533 429 2614 tentionem)
457 2547 540 2595 extra
563 2556 615 2596 aas
644 2536 814 2607 effundant,
845 2545 877 2591 ut
898 2535 1109 2593 communiter

243 2614 609 2693 inanescentem.
626 2615 710 2689 Soto,
726 2616 834 2675 Tenon.
847 2612 961 2682 Solon„
981 2625 1056 2686 etc,
1071 2635 1110 2674 ex

241 2693 275 2750 S.
303 2693 414 2752 Tauno
430 2693 486 2776 (d).
500 2701 542 2756 nt
562 2699 592 2756 in
607 2697 699 2756 dubio
729 2715 766 2754 aa
785 2696 964 2772 impotentia
983 2697 1110 2772 nuptias

242 2777 435 2834 antecesserit
460 2777 508 2835 ool
540 2778 765 2854 supervenerit,
791 2774 975 2856 probabilids
1000 2777 1113 2834 dicunt

243 2851 316 2914 Bon.
334 2853 416 2930 Syla.
433 2854 543 2913 Toorn.
558 2855 663 2927 Scina,
680 2869 736 2916 etc.
751 2856 872 2935 (contra
885 2856 986 2913 ,tanen
1001 2853 1110 2913 Costr.

242 2932 352 3004 Maon,
369 2933 446 3012 etc.)
459 2935 654 3011 judicandum
671 2937 752 3012 quod
766 2938 939 3009 antecessit,
958 2937 1113 2996 nisiiorte

145 3021 151 3034 ⁸
244 3027 313 3094 post
327 3015 556 3076 'llatnmoniutn
569 3014 675 3092 allquis
689 3018 896 3096 supervenerit
909 3016 1054 3086 morbus,
1074 3037 1115 3076 cx

243 3113 303 3170 quo
323 3096 498 3179 impotentia
518 3108 717 3174 prasumatur
739 3097 907 3156 saooesstva
936 3095 988 3176 (e).
1015 3098 1115 3170 Quod

244 3183 346 3232 autent
359 3177 395 3234 nd
406 3177 504 3234 iorum
518 3188 674 3235 externum
687 3179 833 3258 pertinet,
850 3177 976 3236 observa
991 3195 1066 3252 quse
1083 3179 1114 3234 in

251 3288 616 3308 Ἣ

276 3361 314 3422 (a)
330 3357 368 3412 Ν.
384 3359 550 3426 rapa-(n)
563 3356 621 3410 Lib.
640 3359 666 3412 6.
684 3359 722 3412 N.
738 3377 815 3412 rror.
829 3389 861 3401 -
873 3364 909 3425 (e)
925 3357 964 3413 N.
985 3377 1068 3415 1102.
1083 3397 1119 3410 ...

240 3424 281 3492 (d)
294 3428 331 3479 N.
348 3427 423 3478 non.
439 3453 472 3470 ···
486 3430 523 3496 (e)
535 3429 573 3486 Ill.
595 3431 671 3497 1104.
